=LDR  05787cas a2201081 a 4500
=001  012090691
=003  Uk
=005  20221231203534.0
=007  ta
=008  881028d19751980fr\ur\p\\\\\\\0\\\b0fre\d
=019  0\$as001358022
=022  0\$a0335-5993
=040  \\$aUk$cUk$dUk
=041  0\$afre$beng
=082  04$a530.05$222
=084  \\$aPQ 00$2blsrissc
=084  \\$aP 00$2blsrissc
=222  \0$aComptes rendus hebdomadaires des séances de l'Académie des sciences. Séries A et B. Série B, Sciences physiques
=245  00$aComptes rendus hebdomadaires des séances de l'Académie des Sciences.$nSéries A et B. Série B,$pSciences physiques.
=246  30$aSciences physiques
=260  \\$aParis :$bGauthier-Villars,$c1975-1980.
=300  \\$av. :$bill. ;$c28 cm.
=310  \\$aWeekly
=336  \\$atext$2rdacontent
=337  \\$aunmediated$2rdamedia
=338  \\$avolume$2rdacarrier
=362  0\$aT. 279 (1975)-t. 291 (1980).
=540  \\$aCurrent Copyright Fee: GBP25.00$c0$5Uk
=546  \\$aFrom tome 280, 1975, English summaries.
=580  \\$aMerged with: Comptes rendus hebdomadaires des séances de l'Académie des Sciences. Série C, Sciences chimiques, to form: Comptes rendus des séances de l'Académie des Sciences. Série 2, Mécanique, physique, chimie, sciences de la terre, sciences de l'univers
=710  2\$aAcadémie des sciences (France)
=780  00$tComptes rendus hebdomadaires des séances de l'Académie des Sciences. Série B, Sciences physiques,$x0302-8437
=785  17$tComptes rendus hebdomadaires des séances de l'Académie des Sciences. Série C, Sciences chimiques,$x0567-6541
=785  17$tComptes rendus des séances de l'Académie des Sciences. Série 2, Mécanique, physique, chimie, sciences de la terre, sciences de l'univers,$x0249-6305
=852  49$aBritish Library$bDSC$3See shelfmark 3370.020000 for T. 280, 1975- 291//NO. 13, 1980 *A=1
=852  71$aBritish Library$bSTI$k(P)$hPQ 00$m-F(7)$2blsrissc$31966-1980; Tome 262-291.
=ACF  \\$aPrevious Copyright Fee: GBP1.40$c0$e01-oct-2008$fGBP1.40$g0$hC$5Uk
=ACF  \\$aPrevious Copyright Fee: GBP1.40$c0$e01-apr-2008$fGBP1.40$g0$hC$5Uk
=ACF  \\$aPrevious Copyright Fee: GBP1.40$c0$e01-jan-2008$fGBP1.40$g0$hC$5Uk
=ACF  \\$aPrevious Copyright Fee: GBP1.40$c0$e01-oct-2007$fGBP1.40$g0$hC$5Uk
=ACF  \\$aPrevious Copyright Fee: GBP1.40$c0$e01-jul-2007$fGBP1.40$g0$hC$5Uk
=ACF  \\$aPrevious Copyright Fee: GBP1.44$c0$e01-apr-2007$fGBP1.44$g0$hC$5Uk
=ACF  \\$aPrevious Copyright Fee: GBP1.51$c0$e01-jan-2007$fGBP1.51$g0$hC$5Uk
=ACF  \\$aPrevious Copyright Fee: GBP1.51$c0$e01-oct-2006$fGBP1.51$g0$hC$5Uk
=ACF  \\$aPrevious Copyright Fee: GBP1.60$c0$e01-jul-2006$fGBP1.60$g0$hC$5Uk
=ACF  \\$aPrevious Copyright Fee: GBP1.60$c0$e01-apr-2006$fGBP1.60$g0$hC$5Uk
=ACF  \\$aPrevious Copyright Fee: GBP1.56$c0$e01-jan-2006$fGBP1.56$g0$hC$5Uk
=ACF  \\$aPrevious Copyright Fee: GBP1.51$c0$e01-oct-2005$fGBP1.51$g0$hC$5Uk
=ACF  \\$aPrevious Copyright Fee: GBP1.51$c0$e01-jul-2005$fGBP1.51$g0$hC$5Uk
=ACF  \\$aPrevious Copyright Fee: GBP1.51$c0$e01-apr-2005$fGBP1.51$g0$hC$5Uk
=ACF  \\$aPrevious Copyright Fee: GBP1.56$c0$e01-jan-2005$fGBP1.56$g0$hC$5Uk
=ACF  \\$aPrevious Copyright Fee: GBP1.51$c0$e01-oct-2004$fGBP1.51$g0$hC$5Uk
=ACF  \\$aPrevious copyright fee: GBP10.50$c0$e01-jan-2011$fGBP10.50$g0$hA$5Uk
=ACF  \\$aPrevious copyright fee: GBP12.00$c0$e01-jan-2012$fGBP12.00$g0$hA$5Uk
=ACF  \\$aPrevious Copyright Fee: GBP12.30$c0$e01-jan-2014$fGBP12.30$g0$hA$5Uk
=ACF  \\$aPrevious Copyright Fee: GBP15.00$c0$e01-jan-2017$fGBP15.00$g0$hA$5Uk
=ACF  \\$aPrevious Copyright Fee: GBP17.50$c0$e01-jan-2018$fGBP17.50$g0$hA$5Uk
=ACF  \\$aPrevious Copyright Fee: GBP20.00$c0$e01-jan-2020$fGBP20.00$g0$hA$5Uk
=CAT  \\$aCONV$b00$c20040425$lBLL90$h0851
=CAT  \\$a8201$b40$c20080515$lBLL01$h0937
=CAT  \\$aBATCH-CLA$b00$c20080829$lBLL01$h1840
=CAT  \\$aBATCH-UPD$b00$c20080930$lBLL01$h2242
=CAT  \\$aBATCH-UPD$b00$c20081001$lBLL01$h0002
=CAT  \\$aBATCH$b00$c20081001$lBLL01$h0119
=CAT  \\$aBATCH$b00$c20091210$lBLL01$h0649
=CAT  \\$aBATCH-UPD$b00$c20101201$lBLL01$h1244
=CAT  \\$aIPL-CLA$c20101231$lBLL01$h1451
=CAT  \\$aWR11_203$c20111204$lBLL01$h1454
=CAT  \\$aIPL-CLA$c20111230$lBLL01$h1956
=CAT  \\$aBATCH-CLA$b00$c20121109$lBLL01$h1741
=CAT  \\$aBATCH-CLA$c20131220$lBLL01$h2001
=CAT  \\$aIPL-CLA$c20131231$lBLL01$h2259
=CAT  \\$aBATCH-UPD$b00$c20140322$lBLL01$h1749
=CAT  \\$aBATCH-CLA$b00$c20161222$lBLL01$h1755
=CAT  \\$aIPL-CLA$c20161230$lBLL01$h2053
=CAT  \\$aBATCH-CLA$b00$c20171222$lBLL01$h2113
=CAT  \\$aIPL-CLA$c20171231$lBLL01$h1608
=CAT  \\$aBATCH-CLA$b00$c20191219$lBLL01$h1722
=CAT  \\$aIPL-CLA$c20191231$lBLL01$h1910
=CAT  \\$aR2001-1524$c20200127$lBLL01$h1957
=CAT  \\$aBATCH-CLA$b00$c20201204$lBLL01$h1522
=CAT  \\$aIPL-CLA$c20201231$lBLL01$h2131
=CAT  \\$aBATCH-CLA$b00$c20221221$lBLL01$h1829
=CAT  \\$aIPL-CLA$c20221231$lBLL01$h2035
=CFI  0\$aCurrent Copyright Fee: GBP25.00$c0$e01-jan-2023$fGBP25.00$g0$hA$5Uk
=CFI  2\$aPrevious Copyright Fee: GBP22.50$c0$e01-jan-2021$fGBP22.50$g0$hA$5Uk
=FIN  \\$aY
=FMT  \\$a  SE
=LAS  \\$aIPL-CLA$b00$c20221231$lBLL01$h2035
=LEO  \\$aMP25.0000000130
=LKR  \\$aPAR$b012402583$lBLL01$r78000$mComptes rendus hebdomadaires des séances de l'Académie des sciences. Séries A et B. Série A, Sciences mathématiques$nComptes rendus hebdomadaires des séances de l'Académie des sciences. Série B, Sciences physiques
=SRC  \\$aSRI01$bbibmp25.200404.2.aa
=TCO  \\$aFRA$bCFC$c008

