=LDR  06132cas a2201129 a 4500
=001  012090693
=003  Uk
=005  20221231203534.0
=007  ta
=008  821221d19811983fr\wr\p\\\\\\\0\\\b0fre\\
=019  0\$as001358065
=022  \\$a0249-6305$z0750-7623
=040  \\$aUk$cUk$dUk
=041  0\$afre$beng
=084  \\$aJ 00$2blsrissc
=210  00$aC.r. sénces Acad. sci.. Sér. 2. Méc.. phys.. chim.. sci. terre. univers.
=222  \0$aComptes rendus des séances de l'Académie des sciences. Série 2, Mécanique, physique, chimie, sciences de la terre, sciences de l'univers
=245  00$aComptes rendus des séances de l'Académie des Sciences.$nSérie 2,$pMécanique, physique, chimie, sciences de la terre, sciences de l'univers.
=260  \\$aParis :$bGauthier-Villars,$c1981-1983.
=300  \\$c27 cm.
=310  \\$aWeekly
=336  \\$atext$2rdacontent
=337  \\$aunmediated$2rdamedia
=338  \\$avolume$2rdacarrier
=362  0\$aT. 292 (1981)-t. 297 (1983).
=500  \\$aOok met sectietitel: Mécanique-physique, chimie, sciences de l'univers, sciences de la terre.
=540  \\$aCurrent Copyright Fee: GBP25.00$c0$5Uk
=546  \\$aEnglish summaries.
=580  \\$aFormed by the union of: Comptes rendus hebdomadaires des séances de l'Académie des Sciences. Série A and B. Série B, Sciences physiques, ISSN 0335-5993, and: Comptes rendus hebdomadaires des séances de l'Académie des Sciences. Série C, Sciences chimiques, ISSN 0567-6541.
=710  2\$aAcadémie des sciences (France)
=770  0\$tComptes rendus des séances de l'Académie des Sciences. Vie académique,$x0249-6321
=780  14$tComptes rendus hebdomadaires des séances de l'Académie des Sciences. Série A et B. Série B, Sciences physiques$x0335-5993
=780  14$tComptes rendus hebdomadaires des séances de l'Académie des Sciences. Série C, Sciences chimiques$x0567-6541
=785  00$tComptes rendus de l'Académie des Sciences. Série 2, Mécanique, physique, chimie, sciences de l'univers, sciences de la terre$x0764-4450
=852  49$aBritish Library$bDSC$3See shelfmark 3370.042100 for Tome 292, 1981-297, 1983
=852  71$aBritish Library$bSTI$k(P)$hJ 00$m-F(42)$2blsrissc$3Tome 292, 1981-297, 1983
=985  \\$aRecord enhanced by DQ team
=ACF  \\$aPrevious Copyright Fee: GBP2.00$c0$e01-jul-2009$fGBP2.00$g0$hC$5Uk
=ACF  \\$aPrevious Copyright Fee: GBP2.00$c0$e01-apr-2009$fGBP2.00$g0$hC$5Uk
=ACF  \\$aPrevious Copyright Fee: GBP1.75$c0$e01-jan-2009$fGBP1.75$g0$hC$5Uk
=ACF  \\$aPrevious Copyright Fee: GBP1.40$c0$e01-oct-2008$fGBP1.40$g0$hC$5Uk
=ACF  \\$aPrevious Copyright Fee: GBP1.40$c0$e01-jul-2008$fGBP1.40$g0$hC$5Uk
=ACF  \\$aPrevious Copyright Fee: GBP1.40$c0$e01-apr-2008$fGBP1.40$g0$hC$5Uk
=ACF  \\$aPrevious Copyright Fee: GBP1.40$c0$e01-jan-2008$fGBP1.40$g0$hC$5Uk
=ACF  \\$aPrevious Copyright Fee: GBP1.40$c0$e01-oct-2007$fGBP1.40$g0$hC$5Uk
=ACF  \\$aPrevious Copyright Fee: GBP1.40$c0$e01-jul-2007$fGBP1.40$g0$hC$5Uk
=ACF  \\$aPrevious Copyright Fee: GBP1.44$c0$e01-apr-2007$fGBP1.44$g0$hC$5Uk
=ACF  \\$aPrevious Copyright Fee: GBP1.51$c0$e01-jan-2007$fGBP1.51$g0$hC$5Uk
=ACF  \\$aPrevious Copyright Fee: GBP1.51$c0$e01-oct-2006$fGBP1.51$g0$hC$5Uk
=ACF  \\$aPrevious Copyright Fee: GBP1.60$c0$e01-jul-2006$fGBP1.60$g0$hC$5Uk
=ACF  \\$aPrevious Copyright Fee: GBP1.60$c0$e01-apr-2006$fGBP1.60$g0$hC$5Uk
=ACF  \\$aPrevious Copyright Fee: GBP1.56$c0$e01-jan-2006$fGBP1.56$g0$hC$5Uk
=ACF  \\$aPrevious Copyright Fee: GBP1.51$c0$e01-oct-2005$fGBP1.51$g0$hC$5Uk
=ACF  \\$aPrevious Copyright Fee: GBP1.51$c0$e01-jul-2005$fGBP1.51$g0$hC$5Uk
=ACF  \\$aPrevious Copyright Fee: GBP1.51$c0$e01-apr-2005$fGBP1.51$g0$hC$5Uk
=ACF  \\$aPrevious Copyright Fee: GBP1.56$c0$e01-jan-2005$fGBP1.56$g0$hC$5Uk
=ACF  \\$aPrevious Copyright Fee: GBP1.51$c0$e01-oct-2004$fGBP1.51$g0$hC$5Uk
=ACF  \\$aPrevious copyright fee: GBP10.50$c0$e01-jan-2011$fGBP10.50$g0$hA$5Uk
=ACF  \\$aPrevious copyright fee: GBP12.00$c0$e01-jan-2012$fGBP12.00$g0$hA$5Uk
=ACF  \\$aPrevious Copyright Fee: GBP12.30$c0$e01-jan-2014$fGBP12.30$g0$hA$5Uk
=ACF  \\$aPrevious Copyright Fee: GBP15.00$c0$e01-jan-2017$fGBP15.00$g0$hA$5Uk
=ACF  \\$aPrevious Copyright Fee: GBP17.50$c0$e01-jan-2018$fGBP17.50$g0$hA$5Uk
=ACF  \\$aPrevious Copyright Fee: GBP20.00$c0$e01-jan-2020$fGBP20.00$g0$hA$5Uk
=CAT  \\$aCONV$b00$c20040425$lBLL90$h0851
=CAT  \\$aBATCH$b00$c20090401$lBLL01$h0203
=CAT  \\$aBATCH-CLA$b00$c20090529$lBLL01$h1729
=CAT  \\$aBATCH-UPD$b00$c20090701$lBLL01$h2008
=CAT  \\$aBATCH-UPD$b00$c20090701$lBLL01$h2039
=CAT  \\$aBATCH$b00$c20090701$lBLL01$h2100
=CAT  \\$aBATCH$b00$c20091210$lBLL01$h0649
=CAT  \\$aBATCH-UPD$b00$c20101201$lBLL01$h1244
=CAT  \\$aIPL-CLA$c20101231$lBLL01$h1451
=CAT  \\$aWR11_203$c20111204$lBLL01$h1454
=CAT  \\$aIPL-CLA$c20111230$lBLL01$h1956
=CAT  \\$aBATCH-CLA$b00$c20121109$lBLL01$h1741
=CAT  \\$aBATCH-CLA$c20131220$lBLL01$h2001
=CAT  \\$aIPL-CLA$c20131231$lBLL01$h2259
=CAT  \\$aBATCH-UPD$b00$c20140322$lBLL01$h1749
=CAT  \\$aBATCH-CLA$b00$c20161222$lBLL01$h1755
=CAT  \\$aIPL-CLA$c20161230$lBLL01$h2053
=CAT  \\$aBATCH-CLA$b00$c20171222$lBLL01$h2113
=CAT  \\$aIPL-CLA$c20171231$lBLL01$h1608
=CAT  \\$aBATCH-CLA$b00$c20191219$lBLL01$h1722
=CAT  \\$aIPL-CLA$c20191231$lBLL01$h1910
=CAT  \\$aR2001-1524$c20200127$lBLL01$h1957
=CAT  \\$aBATCH-CLA$b00$c20201204$lBLL01$h1522
=CAT  \\$aIPL-CLA$c20201231$lBLL01$h2131
=CAT  \\$aBATCH-CLA$b00$c20221221$lBLL01$h1829
=CAT  \\$aIPL-CLA$c20221231$lBLL01$h2035
=CFI  0\$aCurrent Copyright Fee: GBP25.00$c0$e01-jan-2023$fGBP25.00$g0$hA$5Uk
=CFI  2\$aPrevious Copyright Fee: GBP22.50$c0$e01-jan-2021$fGBP22.50$g0$hA$5Uk
=FIN  \\$aY
=FMT  \\$a  SE
=LAS  \\$aIPL-CLA$b00$c20221231$lBLL01$h2035
=LEO  \\$aMP25.0000000132
=SRC  \\$aSRI01$bbibmp25.200404.2.aa
=TCO  \\$aFRA$bCFC$c008

