=LDR  03542cas a2200829 a 4500
=001  012090913
=003  Uk
=005  20221231144326.0
=007  ta
=008  831018d19411967stkuu\p\\\\\\\0\\\a0eng\\
=019  0\$as004674014
=040  \\$aUk$cUk$dUk
=084  \\$aJA 00$2blsrissc
=245  00$aProceedings of the Royal Society of Edinburgh.$nSection A,$pMathematical and physical sciences.
=246  10$aMathematical and physical sciences
=260  \\$aEdinburgh :$bOliver & Boyd,$c[1941-1967]
=300  \\$a7 v. :$bill. ;$c26 cm.
=336  \\$atext$2rdacontent
=337  \\$aunmediated$2rdamedia
=338  \\$avolume$2rdacarrier
=362  0\$aVol. 61, pt. 1-v. 67, pt. 4.
=540  \\$aCurrent Copyright Fee: GBP25.00$c0$5Uk
=650  \0$aMathematics$vPeriodicals.
=650  \0$aPhysics$vPeriodicals.
=710  2\$aRoyal Society of Edinburgh.
=780  01$aRoyal Society of Edinburgh.$tProceedings of the Royal Society of Edinburgh
=785  00$tProceedings. Section A, Mathematical and physical sciences$x0080-4541
=852  49$aBritish Library$bDSC$3See shelfmark 6803.000000 for Vol. 61, 1941-1967
=852  71$aBritish Library$bSTI$k(P)$hJA 00$m-E(17)$2blsrissc$31943-1974; Vol.61-71.
=ACF  \\$aPrevious Copyright Fee: GBP6.00$c0$e01-oct-2008$fGBP6.00$g0$hC$5Uk
=ACF  \\$aPrevious copyright fee: GBP10.50$c0$e01-jan-2011$fGBP10.50$g0$hA$5Uk
=ACF  \\$aPrevious Copyright Fee: GBP12.30$c0$e01-jan-2014$fGBP12.30$g0$hA$5Uk
=ACF  \\$aPrevious copyright fee: GBP12.00$c0$e01-jan-2012$fGBP12.00$g0$hA$5Uk
=ACF  \\$aPrevious Copyright Fee: GBP20.00$c43\0$e27-nov-2014$fGBP20.00$g0$hP$5Uk
=ACF  \\$aPrevious Copyright Fee: GBP30.00$c43\0$e01-jul-2016$fGBP30.00$g0$hP$5Uk
=ACF  \\$aPrevious Copyright Fee: GBP17.50$c0$e01-apr-2019$fGBP17.50$g0$hA$5Uk
=ACF  \\$aPrevious Copyright Fee: GBP20.00$c0$e01-jan-2020$fGBP20.00$g0$hA$5Uk
=CAT  \\$aCONV$b00$c20040425$lBLL90$h0851
=CAT  \\$aBATCH$b00$c20091210$lBLL01$h0649
=CAT  \\$aBATCH-UPD$b00$c20101201$lBLL01$h1244
=CAT  \\$aIPL-CLA$c20101231$lBLL01$h1451
=CAT  \\$aWR11_203$c20111204$lBLL01$h1454
=CAT  \\$aIPL-CLA$c20111230$lBLL01$h1956
=CAT  \\$aBATCH-CLA$b00$c20121109$lBLL01$h1741
=CAT  \\$aBATCH-CLA$c20131220$lBLL01$h2001
=CAT  \\$aIPL-CLA$c20131231$lBLL01$h2259
=CAT  \\$a5552$b40$c20141127$lBLL01$h1053
=CAT  \\$a5552$b40$c20141127$lBLL01$h1056
=CAT  \\$aBLDSS-3PM$b00$c20150223$lBLL01$h0857
=CAT  \\$aBATCH-UPD$b00$c20160413$lBLL01$h1815
=CAT  \\$a5552$b40$c20160602$lBLL01$h1151
=CAT  \\$aIPL-CLA$c20160630$lBLL01$h1605
=CAT  \\$aW1902-1304$c20190314$lBLL01$h1239
=CAT  \\$aBATCH-UPD$b00$c20190314$lBLL01$h1617
=CAT  \\$aIPL-CLA$c20190331$lBLL01$h1724
=CAT  \\$aDEL-3PM$c20190409$lBLL01$h0905
=CAT  \\$aBATCH-CLA$b00$c20191219$lBLL01$h1722
=CAT  \\$aIPL-CLA$c20191231$lBLL01$h1910
=CAT  \\$aR2001-1524$c20200127$lBLL01$h1957
=CAT  \\$aBATCH-CLA$b00$c20201204$lBLL01$h1522
=CAT  \\$aIPL-CLA$c20201231$lBLL01$h1527
=CAT  \\$aBATCH-CLA$b00$c20221221$lBLL01$h1829
=CAT  \\$aIPL-CLA$c20221231$lBLL01$h1443
=CFI  0\$aCurrent Copyright Fee: GBP25.00$c0$e01-jan-2023$fGBP25.00$g0$hA$5Uk
=CFI  2\$aPrevious Copyright Fee: GBP22.50$c0$e01-jan-2021$fGBP22.50$g0$hA$5Uk
=FIN  \\$aY
=FMT  \\$a  SE
=LAS  \\$aIPL-CLA$b00$c20221231$lBLL01$h1443
=LEO  \\$aMP25.0000000359
=SRC  \\$aSRI01$bbibmp25.200404.2.aa
=TCO  \\$aCLA$bCLA$c008
=TOC  \\$aETOC

