=LDR  02608 as a2200661 a 4500
=001  012091018
=003  Uk
=005  20080115114307.0
=007  ta
=008  740917d19711976nyumr\p\\\\\\\0\\\a0eng\\
=019  0\$as005848091
=022  0\$a1093-1287$21
=040  \\$aUk$cUk$dUk
=082  0\$a658.205$219
=084  \\$aSV 70$2blsrissc
=130  0\$aFactory (New York, N.Y. : 1971)
=210  0\$aFactory$b(1971)
=222  \0$aFactory$b(1971)
=245  10$aFactory.
=260  \\$aNew York :$bMorgan-Grampian,$c1971-1976.
=300  \\$a6 v. :$bill. (some col.) ;$c28 cm.
=310  \\$aMonthly
=336  \\$atext$2rdacontent
=337  \\$aunmediated$2rdamedia
=338  \\$avolume$2rdacarrier
=362  0\$aVol. 4, no. 5 (May 1971)-v. 9, no. 12 (Dec. 1976).
=540  \\$aBritish Library not licensed to copy$c0$5Uk
=650  \0$aPlant engineering$vPeriodicals.
=690  7\$aManagement and Business Studies$2blcoll
=780  00$tModern manufacturing$x0026-802X
=780  05$tPlant operating management$gDec. 1973
=785  00$tFactory management$x0146-3314
=852  41$aBritish Library$bDSC$3See shelfmark 3863.500000 for v. 4, no. 5 (May 1971)-v. 9, no. 12 (Dec. 1976)*A=1
=852  71$aBritish Library$bSTI$k(P)$hSV 70$m-E(5)$2blsrissc$31971-1976; Vol.4, no.5 - vol.9. ; Deficient: vol.5, no.6-12, 1972; vol.6, 1973; vol.7, no.1-5, 1974; vol.10, no.1-2, 1977
=ACF  \\$aPrevious Copyright Fee: GBP28.00$c0$e01-oct-2008$fGBP28.00$g0$hC$5Uk
=CAT  \\$aCONV$b00$c20040425$lBLL90$h0851
=CAT  \\$aCONV$b00$c20040502$lBLL01$h1456
=CAT  \\$a8201$b40$c20080115$lBLL01$h1143
=CAT  \\$aBATCH-CLA$b00$c20080829$lBLL01$h1841
=CAT  \\$aBATCH-CLA$b00$c20080829$lBLL01$h1844
=CAT  \\$aBATCH-UPD$b00$c20081001$lBLL01$h0002
=CAT  \\$aBATCH$b00$c20081001$lBLL01$h0119
=CAT  \\$aBATCH$b00$c20090610$lBLL01$h1705
=CAT  \\$aBATCH$b00$c20091210$lBLL01$h0649
=CAT  \\$aBATCH-UPD$b00$c20101201$lBLL01$h1244
=CAT  \\$aIPL-CLA$c20101231$lBLL01$h1451
=CAT  \\$aBATCH-UPD$b00$c20110907$lBLL01$h1822
=CAT  \\$aIPL-CLA$c20110908$lBLL01$h1737
=CAT  \\$aBATCH-CLA$b00$c20121109$lBLL01$h1741
=CFI  0\$aBritish Library not licensed to copy$c0$e07-sep-2011$hC$iTX$5Uk
=CFI  2\$aPrevious copyright fee: GBP10.50$c0$e01-jan-2011$fGBP10.50$g0$hA$5Uk
=FIN  \\$aY
=FMT  \\$a  SE
=LAS  \\$aBATCH-CLA$b00$c20121109$lBLL01$h1741
=LEO  \\$aMP25.0000000483
=LKR  \\$aPAR$b008525596$lBLL01$r78500$mFactory (1971)$nFACTORY MANAGEMENT -NEW YORK-.
=SRC  \\$aSRI01$bbibmp25.200404.2.aa
=TCO  \\$aTRS$bCCC$c008

