=LDR  07338cas a2201369 a 4500
=001  012091293
=003  Uk
=005  20211231171616.0
=007  ta
=008  850115d19701989nyusr\p\\\\\\\0\\\a0eng\\
=019  0\$as00969403x
=022  0\$a0556-2791
=040  \\$aUk$cUk$dUk
=082  04$a530.05$221
=084  \\$aPQ 00$2blsrissc
=210  0\$aPhys. rev., A, Gen. phys.
=222  \0$aPhysical review. A, General physics
=245  00$aPhysical review.$nA,$pGeneral physics.
=246  3\$aGeneral physics
=260  \\$aNew York :$bPublished for the American Physical Society by the American Institute of Physics,$c[c1970]-1989.
=300  \\$a40 v. :$bill. ;$c28 cm.
=310  \\$aSemimonthly,$b<Jan. 1, 1987>-Dec. 15, 1989
=321  \\$aMonthly,$bJan. 1970-
=336  \\$atext$2rdacontent
=337  \\$aunmediated$2rdamedia
=338  \\$avolume$2rdacarrier
=362  0\$aSer. 3, v. 1, no. 1 (Jan. 1970)-v. 40, no. 12 (Dec. 15, 1989).
=500  \\$aTitle from cover.
=500  \\$aSummaries of papers published in advance in "Physical review abstracts".
=510  2\$aChemical abstracts$x0009-2258
=530  \\$aAlso available via the World Wide Web; files in HTML, PDF, and PostScript; restricted to institutions with print subscription and/or site license.
=540  \\$aCurrent Copyright Fee: GBP18.25$c0$5Uk
=555  \\$aFor index see "Physical review index", later "Physical review and Physical review letters index".
=580  \\$aPart continuation of "Physical review".
=580  \\$aContinued in two sections, "Atomic, molecular, and optical physics"and "Statistical physics, plasmas, fluids, and related interdisciplinary topics", for which see separate entries.
=650  \0$aPhysics$vPeriodicals.
=710  2\$aAmerican Institute of Physics.
=710  2\$aAmerican Physical Society.
=780  01$tPhysical review$x0031-899X
=785  01$tPhysical review. A[1],Atomic, molecular, and optical physics
=785  01$tPhysical review. A[15],Statistical physics, plasmas, fluids, and related interdisciplinary topics
=787  1\$tPhysical review and Physical review letters index$x0094-0003
=852  49$aBritish Library$bDSC$3See shelfmark 6476.020000 for ser. 2: VOL. 133, 1964- 140, 1965 *A=1; ser. 3: 1, 1970-
=852  71$aBritish Library$bSTI$k(P)$hPQ 00$m-E(6)$2blsrissc$31970-1989; Series 3, vol.1-40.
=852  71$aBritish Library$bSTI$k(P)$hPQ 00$m-E(49)$2blsrissc$31970-1989; Series 3, vol.1-40.***Index
=985  \\$aRecord merged by DQ team
=ACF  \\$aPrevious copyright fee: GBP16.13$c7\0$e01-jan-2012$fGBP16.13$g0$hP$5Uk
=ACF  \\$aPrevious copyright fee: GBP15.63$c7\0$e01-jul-2011$fGBP15.63$g0$hP$5Uk
=ACF  \\$aPrevious copyright fee: GBP16.13$c7\0$e01-jul-2010$fGBP16.13$g0$hP$5Uk
=ACF  \\$aPrevious copyright fee: GBP15.15$c7\0$e01-jan-2010$fGBP15.15$g0$hP$5Uk
=ACF  \\$aPrevious copyright fee: GBP14.00$c7\0$e23-jan-2007$fGBP14.00$g0$hP$5Uk
=ACF  \\$aCurrent Copyright Fee: GBP12.43$c0$e01-jan-2007$fGBP12.43$g0$hC$5Uk
=ACF  \\$aPrevious Copyright Fee: GBP12.43$c0$e01-oct-2006$fGBP12.43$g0$hC$5Uk
=ACF  \\$aPrevious Copyright Fee: GBP13.14$c0$e01-jul-2006$fGBP13.14$g0$hC$5Uk
=ACF  \\$aPrevious Copyright Fee: GBP13.14$c0$e01-apr-2006$fGBP13.14$g0$hC$5Uk
=ACF  \\$aPrevious Copyright Fee: GBP12.78$c0$e01-jan-2006$fGBP12.78$g0$hC$5Uk
=ACF  \\$aPrevious Copyright Fee: GBP12.43$c0$e01-oct-2005$fGBP12.43$g0$hC$5Uk
=ACF  \\$aPrevious Copyright Fee: GBP12.43$c0$e01-jul-2005$fGBP12.43$g0$hC$5Uk
=ACF  \\$aPrevious Copyright Fee: GBP12.43$c0$e01-apr-2005$fGBP12.43$g0$hC$5Uk
=ACF  \\$aPrevious Copyright Fee: GBP12.50$c0$e01-jan-2005$fGBP12.50$g0$hC$5Uk
=ACF  \\$aPrevious Copyright Fee: GBP12.16$c0$e01-oct-2004$fGBP12.16$g0$hC$5Uk
=ACF  \\$aPrevious copyright fee: GBP15.63$c66\0$e08-may-2012$fGBP15.63$g0$hP$5Uk
=ACF  \\$aPrevious copyright fee: GBP15.15$c66\0$e01-jul-2012$fGBP15.15$g0$hP$5Uk
=ACF  \\$aPrevious copyright fee: GBP15.63$c66\0$e01-jan-2013$fGBP15.63$g0$hP$5Uk
=ACF  \\$aPrevious copyright fee: GBP16.13$c66\0$e01-jul-2013$fGBP16.13$g0$hP$5Uk
=ACF  \\$aPrevious copyright fee: GBP15.63$c66\0$e01-jan-2014$fGBP15.63$g0$hP$5Uk
=ACF  \\$aPrevious copyright fee: GBP16.13$c66\0$e01-apr-2015$fGBP16.13$g0$hP$5Uk
=ACF  \\$aPrevious copyright fee: GBP15.15$c66\0$e01-jul-2014$fGBP15.15$g0$hP$5Uk
=ACF  \\$aPrevious copyright fee: GBP16.67$c0$e05-may-2015$fGBP16.67$g0$hC$5Uk
=ACF  \\$aPrevious Copyright Fee: GBP16.13$c0$e01-oct-2015$fGBP16.13$g0$hC$5Uk
=ACF  \\$aPrevious Copyright Fee: GBP17.24$c0$e01-apr-2016$fGBP17.24$g0$hC$5Uk
=ACF  \\$aPrevious Copyright Fee: GBP18.52$c0$e01-oct-2016$fGBP18.52$g0$hC$5Uk
=ACF  \\$aPrevious Copyright Fee: GBP20.00$c0$e01-apr-2017$fGBP20.00$g0$hC$5Uk
=ACF  \\$aPrevious Copyright Fee: GBP19.00$c0$e01-oct-2017$fGBP19.00$g0$hC$5Uk
=ACF  \\$aPrevious Copyright Fee: GBP19.23$c0$e01-jan-2018$fGBP19.23$g0$hC$5Uk
=ACF  \\$aPrevious Copyright Fee: GBP17.86$c0$e01-apr-2018$fGBP17.86$g0$hC$5Uk
=ACF  \\$aPrevious Copyright Fee: GBP19.23$c0$e01-oct-2018$fGBP19.23$g0$hC$5Uk
=ACF  \\$aPrevious Copyright Fee: GBP20.00$c0$e01-oct-2019$fGBP20.00$g0$hC$5Uk
=ACF  \\$aPrevious Copyright Fee: GBP19.23$c0$e01-apr-2020$fGBP19.23$g0$hC$5Uk
=ACF  \\$aPrevious Copyright Fee: GBP20.00$c0$e01-jul-2020$fGBP20.00$g0$hC$5Uk
=ACF  \\$aPrevious Copyright Fee: GBP18.61$c0$e01-apr-2021$fGBP18.61$g0$hC$5Uk
=ACF  \\$aPrevious Copyright Fee: GBP18.06$c0$e01-jul-2021$fGBP18.06$g0$hC$5Uk
=CAT  \\$aCONV$b00$c20040425$lBLL90$h0851
=CAT  \\$a6550$b40$c20161220$lBLL01$h1250
=CAT  \\$aBATCH-CLA$b00$c20170228$lBLL01$h1631
=CAT  \\$aIPL-CLA$c20170331$lBLL01$h1839
=CAT  \\$aBATCH-CLA$b00$c20170831$lBLL01$h1628
=CAT  \\$aIPL-CLA$c20170929$lBLL01$h1723
=CAT  \\$aBATCH-CLA$b00$c20171130$lBLL01$h1654
=CAT  \\$aIPL-CLA$c20171231$lBLL01$h1608
=CAT  \\$aBATCH-CLA$b00$c20180228$lBLL01$h1642
=CAT  \\$aIPL-CLA$c20180331$lBLL01$h1613
=CAT  \\$aBATCH-CLA$b00$c20180831$lBLL01$h1627
=CAT  \\$aIPL-CLA$c20180930$lBLL01$h1459
=CAT  \\$aBATCH-CLA$b00$c20190909$lBLL01$h1713
=CAT  \\$aIPL-CLA$c20190930$lBLL01$h1634
=CAT  \\$aBATCH-CLA$b00$c20200228$lBLL01$h1634
=CAT  \\$aIPL-CLA$c20200331$lBLL01$h1611
=CAT  \\$aBATCH-CLA$b00$c20200529$lBLL01$h1535
=CAT  \\$aIPL-CLA$c20200701$lBLL01$h0052
=CAT  \\$aBATCH-CLA$b00$c20210227$lBLL01$h1014
=CAT  \\$aIPL-CLA$c20210331$lBLL01$h1840
=CAT  \\$aBATCH-CLA$b00$c20210528$lBLL01$h1527
=CAT  \\$aIPL-CLA$c20210704$lBLL01$h1115
=CAT  \\$aBATCH-CLA$b00$c20210917$lBLL01$h1605
=CAT  \\$aIPL-CLA$c20210930$lBLL01$h1648
=CAT  \\$aBATCH-CLA$b00$c20211203$lBLL01$h0818
=CAT  \\$aIPL-CLA$c20211231$lBLL01$h1716
=CFI  0\$aCurrent Copyright Fee: GBP18.25$c0$e01-jan-2022$fGBP18.25$g0$hC$5Uk
=CFI  2\$aPrevious Copyright Fee: GBP17.74$c0$e01-oct-2021$fGBP17.74$g0$hC$5Uk
=FIN  \\$aY
=FMT  \\$a  SE
=LAS  \\$aIPL-CLA$b00$c20211231$lBLL01$h1716
=LEO  \\$aMP25.0000000776
=LKR  \\$aPAR$b007862844$lBLL01$r78001$mPhysical review. A, General physics$nPhysical review
=SRC  \\$aSRI01$bbibmp25.200404.2.aa
=TCO  \\$aTRS$bCCC$c008

