=LDR  08099cas a22014417a 4500
=001  012091299
=003  Uk
=005  20211231171616.0
=007  ta
=008  931207d19932000nyumr\p\\\\\\\0\\\a0eng\\
=019  0\$as009694099
=019  c\$a1450261
=022  0\$a1063-651X
=040  \\$aUk$cUk$dUk
=082  0\$a530.13$220
=084  \\$aPQ 00$2blsrissc
=210  0\$aPhys. rev., E Stat. phys. plasmas fluids relat. interdiscip. topics
=222  \0$aPhysical review. E, Statistical physics, plasmas, fluids and related interdisciplinary topics
=245  00$aPhysical review.$nE,$pStatistical physics, plasmas, fluids and related interdisciplinary topics.
=246  3\$aStatistical physics, plasmas, fluids and related interdisciplinary topics
=260  \\$aNew York, N.Y. :$bPublished by the American Physical Society through the American Institute of Physics,$c1993-2000.
=300  \\$a16 v. :$bill. ;$c29 cm.
=310  \\$aMonthly
=336  \\$atext$2rdacontent
=337  \\$aunmediated$2rdamedia
=338  \\$avolume$2rdacarrier
=362  0\$a3rd ser., v. 47, no.1 (Jan. 1993)-3rd ser., v. 62, no. 6, pt. B (Dec. 2000).
=500  \\$aSummaries of papers published in advance in "Physical review abstracts", q.v.
=510  2\$aChemical abstracts$x0009-2258
=530  \\$aAlso available on the World Wide Web; files in HTML, PDF, and PostScript formats; restricted to institutions with a print subscription and/or site license.
=540  \\$aCurrent Copyright Fee: GBP18.25$c0$5Uk
=555  \\$aFor index, see "Physical review and Physical review letters index", q.v.
=580  \\$aContinuation of "Physical review. A[15], Statistical physics, plasmas, fluids, and related interdisciplinary topics", q.v.
=580  \\$aContinued by: Physical review. E, Statistical, nonlinear, and soft matter physics.
=650  \0$aStatistical physics$vPeriodicals.
=650  \0$aPlasma (Ionized gases)$vPeriodicals.
=650  \0$aFluids$vPeriodicals.
=710  2\$aAmerican Institute of Physics.
=710  2\$aAmerican Physical Society.
=776  1\$tPhysical review. E, Statistical physics, plasmas, fluids and related interdisciplinary topics (Online)$x1095-3787
=780  00$tPhysical review. A$x1050-2947
=785  00$tPhysical review. E, Statistical, nonlinear, and soft matter physics (Print)$x1539-3755
=852  49$aBritish Library$bDSC$3See shelfmark 6476.070500 for vol. 47(2), 1993-***.
=852  71$aBritish Library$bSTI$k(P)$hPQ 00$m-E(160)$2blsrissc$33rd ser., v. 47, no.1 (Jan. 1993)-3rd ser., v. 62, no. 6, pt. B (Dec. 2000)
=886  2\$2blmarc$a029$b00$as136936008$as135958016$as009694072
=945  \\$aPHYSICAL REVIEW E -STATISTICAL NONLINEAR AND SOFT MATTER PHYSICS-.
=968  \\$bx
=985  \\$aRecord merged by DQ team
=ACF  \\$aPrevious copyright fee: GBP16.13$c7\0$e01-jan-2012$fGBP16.13$g0$hP$5Uk
=ACF  \\$aPrevious copyright fee: GBP15.63$c7\0$e01-jul-2011$fGBP15.63$g0$hP$5Uk
=ACF  \\$aPrevious copyright fee: GBP16.13$c7\0$e01-jul-2010$fGBP16.13$g0$hP$5Uk
=ACF  \\$aPrevious copyright fee: GBP15.15$c7\0$e01-jan-2010$fGBP15.15$g0$hP$5Uk
=ACF  \\$aPrevious copyright fee: GBP14.00$c7\0$e23-jan-2007$fGBP14.00$g0$hP$5Uk
=ACF  \\$aCurrent Copyright Fee: GBP12.43$c0$e01-jan-2007$fGBP12.43$g0$hC$5Uk
=ACF  \\$aPrevious Copyright Fee: GBP12.43$c0$e01-oct-2006$fGBP12.43$g0$hC$5Uk
=ACF  \\$aPrevious Copyright Fee: GBP13.14$c0$e01-jul-2006$fGBP13.14$g0$hC$5Uk
=ACF  \\$aPrevious Copyright Fee: GBP13.14$c0$e01-apr-2006$fGBP13.14$g0$hC$5Uk
=ACF  \\$aPrevious Copyright Fee: GBP12.78$c0$e01-jan-2006$fGBP12.78$g0$hC$5Uk
=ACF  \\$aPrevious Copyright Fee: GBP12.43$c0$e01-oct-2005$fGBP12.43$g0$hC$5Uk
=ACF  \\$aPrevious Copyright Fee: GBP12.43$c0$e01-jul-2005$fGBP12.43$g0$hC$5Uk
=ACF  \\$aPrevious Copyright Fee: GBP12.43$c0$e01-apr-2005$fGBP12.43$g0$hC$5Uk
=ACF  \\$aPrevious Copyright Fee: GBP12.50$c0$e01-jan-2005$fGBP12.50$g0$hC$5Uk
=ACF  \\$aPrevious Copyright Fee: GBP12.16$c0$e01-oct-2004$fGBP12.16$g0$hC$5Uk
=ACF  \\$aPrevious copyright fee: GBP15.63$c66\0$e08-may-2012$fGBP15.63$g0$hP$5Uk
=ACF  \\$aPrevious copyright fee: GBP15.15$c66\0$e01-jul-2012$fGBP15.15$g0$hP$5Uk
=ACF  \\$aPrevious copyright fee: GBP15.63$c66\0$e01-jan-2013$fGBP15.63$g0$hP$5Uk
=ACF  \\$aPrevious copyright fee: GBP16.13$c66\0$e01-jul-2013$fGBP16.13$g0$hP$5Uk
=ACF  \\$aPrevious copyright fee: GBP15.63$c66\0$e01-jan-2014$fGBP15.63$g0$hP$5Uk
=ACF  \\$aPrevious copyright fee: GBP16.13$c66\0$e01-apr-2015$fGBP16.13$g0$hP$5Uk
=ACF  \\$aPrevious copyright fee: GBP15.15$c66\0$e01-jul-2014$fGBP15.15$g0$hP$5Uk
=ACF  \\$aPrevious copyright fee: GBP16.67$c0$e05-may-2015$fGBP16.67$g0$hC$5Uk
=ACF  \\$aPrevious Copyright Fee: GBP16.13$c0$e01-oct-2015$fGBP16.13$g0$hC$5Uk
=ACF  \\$aPrevious Copyright Fee: GBP17.24$c0$e01-apr-2016$fGBP17.24$g0$hC$5Uk
=ACF  \\$aPrevious Copyright Fee: GBP18.52$c0$e01-oct-2016$fGBP18.52$g0$hC$5Uk
=ACF  \\$aPrevious Copyright Fee: GBP20.00$c0$e01-apr-2017$fGBP20.00$g0$hC$5Uk
=ACF  \\$aPrevious Copyright Fee: GBP19.00$c0$e01-oct-2017$fGBP19.00$g0$hC$5Uk
=ACF  \\$aPrevious Copyright Fee: GBP19.23$c0$e01-jan-2018$fGBP19.23$g0$hC$5Uk
=ACF  \\$aPrevious Copyright Fee: GBP17.86$c0$e01-apr-2018$fGBP17.86$g0$hC$5Uk
=ACF  \\$aPrevious Copyright Fee: GBP19.23$c0$e01-oct-2018$fGBP19.23$g0$hC$5Uk
=ACF  \\$aPrevious Copyright Fee: GBP20.00$c0$e01-oct-2019$fGBP20.00$g0$hC$5Uk
=ACF  \\$aPrevious Copyright Fee: GBP19.23$c0$e01-apr-2020$fGBP19.23$g0$hC$5Uk
=ACF  \\$aPrevious Copyright Fee: GBP20.00$c0$e01-jul-2020$fGBP20.00$g0$hC$5Uk
=ACF  \\$aPrevious Copyright Fee: GBP18.61$c0$e01-apr-2021$fGBP18.61$g0$hC$5Uk
=ACF  \\$aPrevious Copyright Fee: GBP18.06$c0$e01-jul-2021$fGBP18.06$g0$hC$5Uk
=CAT  \\$aCONV$b00$c20040425$lBLL90$h0851
=CAT  \\$aIPL-CLA$c20160930$lBLL01$h1557
=CAT  \\$aBATCH-CLA$b00$c20170228$lBLL01$h1630
=CAT  \\$aIPL-CLA$c20170331$lBLL01$h1839
=CAT  \\$aBATCH-CLA$b00$c20170831$lBLL01$h1630
=CAT  \\$aIPL-CLA$c20170929$lBLL01$h1723
=CAT  \\$aBATCH-CLA$b00$c20171130$lBLL01$h1712
=CAT  \\$aIPL-CLA$c20171231$lBLL01$h1608
=CAT  \\$aBATCH-CLA$b00$c20180228$lBLL01$h1644
=CAT  \\$aIPL-CLA$c20180331$lBLL01$h1613
=CAT  \\$aBATCH-CLA$b00$c20180831$lBLL01$h1627
=CAT  \\$aIPL-CLA$c20180930$lBLL01$h1459
=CAT  \\$aBATCH-CLA$b00$c20190909$lBLL01$h1713
=CAT  \\$aIPL-CLA$c20190930$lBLL01$h1634
=CAT  \\$aBATCH-CLA$b00$c20200228$lBLL01$h1633
=CAT  \\$aIPL-CLA$c20200331$lBLL01$h1611
=CAT  \\$aBATCH-CLA$b00$c20200529$lBLL01$h1536
=CAT  \\$aIPL-CLA$c20200701$lBLL01$h0052
=CAT  \\$aBATCH-CLA$b00$c20210227$lBLL01$h1012
=CAT  \\$aIPL-CLA$c20210331$lBLL01$h1840
=CAT  \\$aBATCH-CLA$b00$c20210528$lBLL01$h1527
=CAT  \\$aIPL-CLA$c20210704$lBLL01$h1115
=CAT  \\$aBATCH-CLA$b00$c20210917$lBLL01$h1604
=CAT  \\$aIPL-CLA$c20210930$lBLL01$h1648
=CAT  \\$aBATCH-CLA$b00$c20211203$lBLL01$h0816
=CAT  \\$aIPL-CLA$c20211231$lBLL01$h1716
=CFI  0\$aCurrent Copyright Fee: GBP18.25$c0$e01-jan-2022$fGBP18.25$g0$hC$5Uk
=CFI  2\$aPrevious Copyright Fee: GBP17.74$c0$e01-oct-2021$fGBP17.74$g0$hC$5Uk
=FIN  \\$aY
=FMT  \\$a  SE
=LAS  \\$aIPL-CLA$b00$c20211231$lBLL01$h1716
=LEO  \\$aMP25.0000000782
=LEO  \\$aMP10.0000439266
=LKR  \\$aPAR$b012091296$lBLL01$r78000$mPhysical review. E, Statistical physics, plasmas, fluids and related interdisciplinary topics$nPhysical review. A.
=SRC  \\$aSRI01$bbibmp25.200404.2.aa
=SRC  \\$aDSS01$bbibmp10.200404.2.aa
=SRC  \\$aDSS03$bbibsr.200404.2.aa
=SSD  \\$a50300{dollar}aContinuation of "Physical review. A[15], Statistical physics, plasmas, fluids, and related interdisciplinary topics", q.v; 50300{dollar}aContinued by: Physical review. E, Statistical, nonlinear, and soft matter physics; 74500{dollar}aPhysical review. E, Statistical, nonlinear, and soft matter physics
=TCO  \\$aTRS$bCCC$c008

