=LDR  01903 as a2200553 a 4500
=001  012091384
=003  Uk
=005  20090701113016.0
=007  ta
=008  810331d19221956wlk\x\p\\\\\\\0\\\a0eng\\
=019  0\$as011490004
=019  c\$a2043703
=040  \\$aUk$cUk$dUk
=082  04$a631.5205$222
=084  \\$aDT 90$2blsrissc
=110  2\$aWelsh Plant Breeding Station.
=245  10$aBulletin.$nSeries H /$cWelsh Plant Breeding Station.
=246  13$aBulletins.$nSeries H
=260  \\$aAberystwyth :$bThe Station,$c1922-1956.
=300  \\$c25cm.
=300  \\$a18 v. :$bill. ;$c25 cm.
=310  \\$aIrregular
=336  \\$atext$2rdacontent
=337  \\$aunmediated$2rdamedia
=338  \\$avolume$2rdacarrier
=362  0\$aNo. 1-no. 18.
=500  \\$aAt head of title: University College of Wales, Aberystwyth.
=650  \0$aPlant breeding$vPeriodicals.
=852  49$aBritish Library$bDSC$3See shelfmark 2811.990000
=852  71$aBritish Library$bSTI$k(P)$hDT 90$m-E(10)$2blsrissc$3No. 1 (1922)-no. 13 (1932)
=945  \\$aBULLETIN- WELSH PLANT BREEDING STATION SERIES H.
=963  \\$aNO. 2, 1924- 18, 1956 *A=1$bN$cL440.C.123
=985  \\$aRecord merged by DQ team
=ACF  \\$aCurrent copyright fee: GBP4.20$c0$e01-apr-1997$fGBP4.20$g0$hA$5Uk
=CAT  \\$aCONV$b00$c20040425$lBLL90$h0851
=CAT  \\$aCONV$b00$c20040502$lBLL01$h1456
=CAT  \\$a8201$b40$c20090701$lBLL01$h1130
=CAT  \\$aBATCH$b00$c20091210$lBLL01$h0649
=CAT  \\$aBATCH-CLA$b00$c20121109$lBLL01$h1741
=CAT  \\$aWR13.005$c20130323$lBLL01$h1316
=CFI  2\$aCurrent copyright fee: GBP4.40$c0$e01-jul-1998$fGBP4.40$g0$hA$5Uk
=FIN  \\$aY
=FMT  \\$a  SE
=LAS  \\$aWR13.005$b00$c20130323$lBLL01$h1316
=LEO  \\$aMP25.0000000871
=LEO  \\$aMP10.0000122111
=SRC  \\$aSRI01$bbibmp25.200404.2.aa
=SRC  \\$aDSS01$bbibmp10.200404.2.aa
=TCO  \\$aCLA$bCLA$c008

