=LDR  05883 as a2201189 a 4500
=001  012091625
=003  Uk
=005  20080327132858.0
=007  ta
=008  751101d18691922nyuwr\p\\\\\\\0\\\a0eng\d
=010  \\$a89644430$zsn 80012470
=019  0\$as015600009
=022  0\$a0361-3941
=035  \\$a(OCoLC)ocm01776298
=040  \\$aMnMULS$cMnMULS$dNSDP$dMH$dNSDP$dN<$dNSDP$dInU$dAIP$dOCoLC$dDLC$dNSDP$dOCoLC$dDLC$dNST$dDLC$dNST$dInU$dNST$dInU$dDLC$dOCoLC$dUk
=042  \\$alc$ansdp
=050  00$aTA1$b.E56
=084  \\$aNJ 18$2blsrissc
=130  0\$aEngineering and mining journal (1869)
=210  0\$aEng. min. j.$b(1869)
=222  \0$aEngineering and mining journal$b(1869)
=245  10$aEngineering and mining journal.
=246  16$aEngineering and mining journal and Coal$fJan. 5, 1884-Sept. 14, 1901
=246  17$aEngineering & mining journal
=260  \\$aNew York :$bWestern & Co.,$c1869-1922.
=300  \\$a106 v. :$bill. ;$c42 cm.
=310  \\$aWeekly
=336  \\$atext$2rdacontent
=337  \\$aunmediated$2rdamedia
=338  \\$avolume$2rdacarrier
=362  0\$aVol. 8, no. 1 (July 6, 1869)-v. 113, no. 12 (Mar. 1922).
=500  \\$aPublished by: Western & Co., 1869-1871; Scientific Publishing Co., 1871-1906; Hill Publishing Co., 1906-1917; McGraw-Hill Co., 1917-1922.
=515  \\$aVols. 8 (1969)-18 (1874) called also "3rd-4th series."
=525  \\$aHas frequent supplements; vols. 1-5 (1892-96) of Mineral industry, ISSN 0096-509X, form the statistical supplement to Engineering and mining journal.
=540  \\$aBritish Library not licensed to copy$c0$5Uk
=550  \\$a"Authorized to publish the proceedings, transactions, and bulletins, of the American Institute of Mining Engineers."
=580  \\$aAbsorbed: Coal & iron record, July 1875; Mining review (Georgetown, Colo.), Apr. 1877; Polytechnic review, Jan. 1879; Coal, Jan. 1884; Mining and metallurgy (New York, N.Y. : 1901), 1902; Mining magazine (New York, N.Y. : 1904), Aug. 1906; Mining and engineering world, Jan. 1917.
=580  \\$aMerged with: Mining and scientific press, ISSN 0096-5723, to form: Engineering and mining journal-press, ISSN 0095-9731.
=650  \0$aEngineering$vPeriodicals.
=650  \0$aMineral industries$vPeriodicals.
=710  2\$aAmerican Institute of Mining Engineers.
=770  0\$tMineral industry$x0096-509X
=780  00$tAmerican journal of mining
=780  15$tCoal & iron record$gJuly 1875
=780  15$tMining review (Georgetown, Colo. : 1872)$gApr. 1877
=780  15$tPolytechnic review$gJan. 1879
=780  15$tCoal$gJan. 1884
=780  15$tMining and metallurgy (New York, N.Y. : 1901)$gJan. 1902
=780  15$tMining magazine (New York, N.Y. : 1904)$gAug. 1906
=780  15$tMining and engineering world$gJan. 1917$x0096-4840
=785  17$tMining and scientific press$x0096-5723
=785  17$tEngineering and mining journal-press$x0095-9731
=852  49$aBritish Library$bDSC$3See shelfmark 3755.000000 for Vol. 57 (1883)-vol. 112 (1922)
=852  71$aBritish Library$bSTI$k(P)$hNJ 18$m-E(2)$2blsrissc$3Vol.89, 1910- v.112, 1922
=ACF  \\$aPrevious Copyright Fee: GBP3.50$c0$e01-oct-2008$fGBP3.50$g0$hC$5Uk
=ACF  \\$aPrevious copyright fee: GBP10.50$c0$e01-jan-2011$fGBP10.50$g0$hA$5Uk
=ACF  \\$aBritish Library not licensed to copy$c0$e07-sep-2011$hC$iTX$5Uk
=ACF  \\$aPrevious Copyright Fee: GBP9.82$c0$e01-oct-2014$fGBP9.82$g0$hC$5Uk
=ACF  \\$aPrevious Copyright Fee: GBP9.09$c0$e01-jan-2015$fGBP9.09$g0$hC$5Uk
=ACF  \\$aPrevious Copyright Fee: GBP10.00$c0$e01-apr-2015$fGBP10.00$g0$hC$5Uk
=ACF  \\$aPrevious Copyright Fee: GBP9.68$c0$e01-oct-2015$fGBP9.68$g0$hC$5Uk
=ACF  \\$aPrevious Copyright Fee: GBP10.34$c0$e01-apr-2016$fGBP10.34$g0$hC$5Uk
=ACF  \\$aPrevious Copyright Fee: GBP11.11$c0$e01-oct-2016$fGBP11.11$g0$hC$5Uk
=ACF  \\$aPrevious Copyright Fee: GBP12.00$c0$e01-apr-2017$fGBP12.00$g0$hC$5Uk
=ACF  \\$aPrevious Copyright Fee: GBP11.40$c0$e01-oct-2017$fGBP11.40$g0$hC$5Uk
=ACF  \\$aPrevious Copyright Fee: GBP11.54$c0$e01-jan-2018$fGBP11.54$g0$hC$5Uk
=ACF  \\$aPrevious Copyright Fee: GBP10.71$c0$e01-apr-2018$fGBP10.71$g0$hC$5Uk
=CAT  \\$aCONV$b00$c20040425$lBLL90$h0851
=CAT  \\$aBATCH-CLA$b00$c20121109$lBLL01$h1741
=CAT  \\$aBATCH-CLA$b00$c20140829$lBLL01$h1542
=CAT  \\$aIPL-CLA$c20140930$lBLL01$h1633
=CAT  \\$aBATCH-CLA$b00$c20141128$lBLL01$h0929
=CAT  \\$aIPL-CLA$c20141231$lBLL01$h1649
=CAT  \\$aBATCH-CLA$b00$c20150227$lBLL01$h1625
=CAT  \\$aIPL-CLA$c20150331$lBLL01$h1631
=CAT  \\$aBATCH-CLA$b00$c20150828$lBLL01$h1538
=CAT  \\$aIPL-CLA$c20150930$lBLL01$h1758
=CAT  \\$aBATCH-CLA$b00$c20160229$lBLL01$h1613
=CAT  \\$aIPL-CLA$c20160331$lBLL01$h1718
=CAT  \\$aBATCH-CLA$b00$c20160831$lBLL01$h1646
=CAT  \\$aIPL-CLA$c20160930$lBLL01$h1557
=CAT  \\$aBATCH-CLA$b00$c20170228$lBLL01$h1630
=CAT  \\$aIPL-CLA$c20170331$lBLL01$h1839
=CAT  \\$aBATCH-CLA$b00$c20170831$lBLL01$h1628
=CAT  \\$aIPL-CLA$c20170929$lBLL01$h1723
=CAT  \\$aBATCH-CLA$b00$c20171130$lBLL01$h1655
=CAT  \\$aIPL-CLA$c20171231$lBLL01$h1608
=CAT  \\$aBATCH-CLA$b00$c20180228$lBLL01$h1642
=CAT  \\$aIPL-CLA$c20180331$lBLL01$h1613
=CAT  \\$aBATCH-CLA$b00$c20180831$lBLL01$h1627
=CAT  \\$aIPL-CLA$c20180930$lBLL01$h1459
=CAT  \\$aBATCH-CLA$b00$c20190909$lBLL01$h1719
=CAT  \\$aIPL-CLA$c20190930$lBLL01$h1634
=CFI  0\$aBritish Library not licensed to copy$c0$e01-oct-2019$hC$iCFP Excluded$5Uk
=CFI  2\$aPrevious Copyright Fee: GBP11.54$c0$e01-oct-2018$fGBP11.54$g0$hC$5Uk
=FIN  \\$aY
=FMT  \\$a  SE
=LAS  \\$aIPL-CLA$b00$c20190930$lBLL01$h1634
=LEO  \\$aMP25.0000001118
=SID  \\$aZ39$bLOC
=SRC  \\$aSRI01$bbibmp25.200404.2.aa
=TCO  \\$aTRS$bCCC$c008

