=LDR  05429cas a2201177 a 4500
=001  012091875
=003  Uk
=005  20230518112734.0
=007  ta
=008  771001d19651986enkmr\p\\\\\\\0\\\a0eng\\
=019  0\$as01851801x
=022  0\$a0035-8932$z0374-437X$202
=030  \\$aJRBAAL
=040  \\$aUk$cUk$dUk
=042  \\$aissnuk
=082  04$a720$221
=084  \\$aWH 20$2blsrissc
=210  0\$aRIBA j.$b(1965)
=222  \0$aRIBA journal$b(1965)
=245  00$aRIBA journal.
=246  3\$aRoyal Institute of British Architects journal
=246  17$aRIBAJ$f<Jan.>-Mar. 1980
=260  \\$aLondon :$bRIBA Journals,$c-1986.
=300  \\$a27 v. :$bill. (some folded), plans ;$c29 cm.
=310  \\$aMonthly
=336  \\$atext$2rdacontent
=337  \\$aunmediated$2rdamedia
=338  \\$avolume$2rdacarrier
=362  0\$a-v. 93, no. 3 (Mar. 1986).
=500  \\$aFrom vol.100, no.9, 1993 also published for the Builder Group.
=540  \\$aCurrent Copyright Fee: GBP25.00$c0$5Uk
=580  \\$aFrom 1981 to 1986 issues "Interior design supplement", q.v., later "Interiors supplement", q.v., later "Interiors", q.v., and from Nov. 1996 issues supplement "Royal Institute of British Architects. RIBA connect", q.v.
=580  \\$aHas supplement: RIBA landscape.
=610  20$aRoyal Institute of British Architects$vPeriodicals.
=650  \0$aArchitecture$vPeriodicals.
=710  2\$aRoyal Institute of British Architects.
=710  2\$aBuilder Group.
=770  0\$tLondon architect (RIBA London Region)
=780  00$tJournal of the Royal Institute of British Architects
=785  00$tArchitect (London, England : 1986)$x0950-8902
=852  49$aBritish Library$bDSC$3See 7963.700000
=852  71$aBritish Library$bSTI$k(P)$hWH 20$m-E(2)$2blsrissc$3Vol. 72 (1965)- v. 93, no. 3 (1986)
=985  \\$aRecord merged by DQ Team
=ACF  \\$aPrevious Copyright Fee: GBP12.00$c0$e01-apr-2012$fGBP12.00$g0$hC$5Uk
=ACF  \\$aPrevious Copyright Fee: GBP12.00$c0$e01-jan-2012$fGBP12.00$g0$hC$5Uk
=ACF  \\$aPrevious Copyright Fee: GBP10.50$c0$e01-oct-2011$fGBP10.50$g0$hC$5Uk
=ACF  \\$aPrevious Copyright Fee: GBP10.50$c0$e01-jul-2011$fGBP10.50$g0$hC$5Uk
=ACF  \\$aPrevious Copyright Fee: GBP10.50$c0$e01-apr-2011$fGBP10.50$g0$hC$5Uk
=ACF  \\$aPrevious Copyright Fee: GBP10.50$c0$e01-jan-2011$fGBP10.50$g0$hC$5Uk
=ACF  \\$aPrevious Copyright Fee: GBP9.00$c0$e01-oct-2010$fGBP9.00$g0$hC$5Uk
=ACF  \\$aPrevious Copyright Fee: GBP9.00$c0$e01-jul-2010$fGBP9.00$g0$hC$5Uk
=ACF  \\$aPrevious Copyright Fee: GBP9.00$c0$e01-apr-2010$fGBP9.00$g0$hC$5Uk
=ACF  \\$aPrevious Copyright Fee: GBP9.00$c0$e01-Jan-2010$fGBP9.00$g0$hC$5Uk
=ACF  \\$aPrevious Copyright Fee: GBP6.00$c0$e01-oct-2009$fGBP6.00$g0$hC$5Uk
=ACF  \\$aPrevious Copyright Fee: GBP5.00$c0$e01-oct-2004$fGBP5.00$g0$hC$5Uk
=ACF  \\$aPrevious Copyright Fee: GBP12.00$c0$e01-jul-2012$fGBP12.00$g0$hC$5Uk
=ACF  \\$aPrevious Copyright Fee: GBP12.00$c0$e01-oct-2012$fGBP12.00$g0$hC$5Uk
=ACF  \\$aPrevious Copyright Fee: GBP12.30$c0$e01-apr-2015$fGBP12.30$g0$hC$5Uk
=ACF  \\$aPrevious Copyright Fee: GBP15.00$c0$e01-jan-2017$fGBP15.00$g0$hC$5Uk
=ACF  \\$aPrevious Copyright Fee: GBP17.50$c0$e01-jan-2018$fGBP17.50$g0$hC$5Uk
=ACF  \\$aPrevious Copyright Fee: GBP20.00$c0$e01-jan-2020$fGBP20.00$g0$hC$5Uk
=ACF  \\$aPrevious Copyright Fee: GBP22.50$c0$e01-jan-2021$fGBP22.50$g0$hC$5Uk
=CAT  \\$aCONV$b00$c20040425$lBLL90$h0851
=CAT  \\$aBATCH-CLA$b00$c20110831$lBLL01$h1744
=CAT  \\$aIPL-CLA$c20110930$lBLL01$h1542
=CAT  \\$aBATCH-CLA$b00$c20111130$lBLL01$h1212
=CAT  \\$aIPL-CLA$c20111230$lBLL01$h1956
=CAT  \\$aBATCH-CLA$b00$c20120229$lBLL01$h1617
=CAT  \\$aIPL-CLA$c20120330$lBLL01$h1429
=CAT  \\$aBATCH-CLA$b00$c20120531$lBLL01$h1714
=CAT  \\$aIPL-CLA$c20120629$lBLL01$h1027
=CAT  \\$aBATCH-CLA$b00$c20120831$lBLL01$h1541
=CAT  \\$aIPL-CLA$c20120930$lBLL01$h2109
=CAT  \\$aBATCH-CLA$b00$c20121109$lBLL01$h1741
=CAT  \\$aBATCH-CLA$b00$c20150227$lBLL01$h1623
=CAT  \\$aIPL-CLA$c20150331$lBLL01$h1631
=CAT  \\$aBATCH-CLA$b00$c20161130$lBLL01$h1636
=CAT  \\$aIPL-CLA$c20161230$lBLL01$h2053
=CAT  \\$aBATCH-CLA$b00$c20171130$lBLL01$h1709
=CAT  \\$aIPL-CLA$c20171231$lBLL01$h1608
=CAT  \\$aBATCH-CLA$b00$c20191129$lBLL01$h1619
=CAT  \\$aIPL-CLA$c20191231$lBLL01$h1910
=CAT  \\$aBATCH-CLA$b00$c20201126$lBLL01$h1414
=CAT  \\$aIPL-CLA$c20201231$lBLL01$h2131
=CAT  \\$aBATCH-CLA$b00$c20221130$lBLL01$h1441
=CAT  \\$aIPL-CLA$c20221231$lBLL01$h2035
=CAT  \\$aBATCH-CLA$b00$c20230209$lBLL01$h1528
=CAT  \\$aIPL-CLA$c20230210$lBLL01$h0059
=CAT  \\$a10806$b40$c20230518$lBLL01$h1127
=CFI  0\$aCurrent Copyright Fee: GBP25.00$c0$e09-feb-2023$fGBP25.00$g0$hC$5Uk
=CFI  2\$aBritish Library not licensed to copy$c0$e01-jan-2023$hC$iCFP Excluded$5Uk
=FIN  \\$aY
=FMT  \\$a  SE
=LAS  \\$a10806$b40$c20230518$lBLL01$h1127
=LEO  \\$aMP25.0000001468
=LEO  \\$aMP22.0000001871
=LKR  \\$aPAR$b012091874$lBLL01$r78000$mRIBA journal$nJournal of the Royal Institute of British Architects.
=LKR  \\$aPAR$b021056407$lBLL01$r770$mRIBA journal (1965)$nLondon architect.
=SRC  \\$aISN01$bbibmp22.200404.2.aa
=SRC  \\$aSRI01$bbibmp25.200404.2.aa
=TCO  \\$aCLA$bCLA$c008

