=LDR  01915 as a2200517 a 4500
=001  012092471
=003  Uk
=005  20090818105708.0
=007  ta
=008  820824d19231924ie\qr\p\\\\\\o0\\\a0eng\\
=019  0\$as027406016
=019  c\$a2410007
=040  \\$aUk$cUk$dUk
=084  \\$aDM 139(I6)$2blsrissc
=110  1\$aIrish Free State.$bDepartment of Agriculture and Technical Instruction.
=245  00$aJournal /$cDepartment of Agriculture and Technical Instruction.
=260  \\$aDublin :$bStationery Office,$c1923-1924.
=300  \\$a2 v. :$bill. ;$c25 cm.
=310  \\$aQuarterly
=336  \\$atext$2rdacontent
=337  \\$aunmediated$2rdamedia
=338  \\$avolume$2rdacarrier
=362  0\$aVol. 23, no. 3 (Nov. 1923)-v. 24, no. 1 (May 1924).
=650  \0$aAgriculture$zIreland$vPeriodicals.
=780  00$tJournal - Department of Agriculture and Technical Instruction for Ireland$x0075-0654
=785  00$tJournal - Department of Lands and Agriculture$x0332-2416
=852  49$aBritish Library$bDSC$3See shelfmark 4732.892500
=852  71$aBritish Library$bSTI$k(P)$hDM 139$m(I6) -E(1)$2blsrissc$31923-1924; Vol.23, no.3 - vol.24, no.1.
=968  \\$aC
=985  \\$aRecord amended for WR# 13/070
=985  \\$aRecord merged by DQ team
=CAT  \\$aCONV$b00$c20040425$lBLL90$h0851
=CAT  \\$aCONV$b00$c20040502$lBLL01$h1456
=CAT  \\$a8201$b40$c20090818$lBLL01$h1057
=CAT  \\$aBATCH$b00$c20091210$lBLL01$h0649
=CAT  \\$aWR13_070$b00$c20130504$lBLL01$h0227
=CAT  \\$aWR13_070C$c20130611$lBLL01$h1851
=FIN  \\$aY
=FMT  \\$a  SE
=LAS  \\$aWR13_070C$b00$c20130611$lBLL01$h1851
=LEO  \\$aMP10.0000314438
=LEO  \\$aMP25.0000002082
=LKR  \\$aPAR$b012092472$lBLL01$r78500$mJournal /$nJournal - Department of Lands and Agriculture
=SRC  \\$aDSS01$bbibmp10.200404.2.aa
=SRC  \\$aSRI01$bbibmp25.200404.2.aa
=TCO  \\$aIRL$bICLA$c008

