=LDR  05042 as a2201105ua 4500
=001  012093023
=003  Uk
=005  20080325101143.0
=007  ta
=008  840207d19061978couq|\p|||\\\||\\\a0eng\\
=019  0\$as033669007
=019  c\$a2052625
=022  0\$a0010-1753
=040  \\$aUk$cUk$dUk
=082  0\$a622.05$219
=084  \\$aNH 00$2blsrissc
=210  0\$aQ. Colo. Sch. Mines
=222  \0$aQuarterly of the Colorado School of Mines
=245  00$aQuarterly of the Colorado School of Mines.
=260  \\$aGolden, Colo. :$bThe School,
=300  \\$a73 v. :$bill. ;$c15-24 cm.
=310  \\$aQuarterly
=336  \\$atext$2rdacontent
=337  \\$aunmediated$2rdamedia
=338  \\$avolume$2rdacarrier
=362  1\$aBegan with: v. 1, July 1906.
=362  0\$a-v. 73, no. 2 (Apr. 1978).
=500  \\$aSome issues have also distinctive titles.
=510  0\$aChemical abstracts$x0009-2258
=540  \\$aBritish Library not licensed to copy$c0$5Uk
=555  \\$aVols. 1 (1906)-98 (1998) in v. 98, no. 4 of later title.
=650  \0$aMining engineering$vPeriodicals.
=650  \0$aMines and mineral resources$vPeriodicals.
=650  \0$aGeology$vPeriodicals.
=710  2\$aColorado School of Mines.
=785  00$tColorado School of Mines quarterly$x0163-9153
=852  71$aBritish Library$bSTI$k(P)$hNH 00$m-E(42)$2blsrissc$3Vol. 21 (1921)-v. 73, no. 2 (1978)***UKRR Retained Title***Stock incomplete. Deficient: v. 48, no. 4 (1953); v. 49, no. 1, 2 (1954); v. 51, no. 4 (1956); v. 52, no. 4 (1957)
=852  49$aBritish Library$bDSC$3See shelfmark 7169.600000
=985  \\$aRecord merged by DQ team
=ACF  \\$aPrevious Copyright Fee: GBP0.96$c0$e01-jan-2012$fGBP0.96$g0$hC$5Uk
=ACF  \\$aPrevious Copyright Fee: GBP0.96$c0$e01-oct-2011$fGBP0.96$g0$hC$5Uk
=ACF  \\$aPrevious Copyright Fee: GBP0.96$c0$e01-jul-2011$fGBP0.96$g0$hC$5Uk
=ACF  \\$aPrevious Copyright Fee: GBP0.96$c0$e01-apr-2011$fGBP0.96$g0$hC$5Uk
=ACF  \\$aPrevious Copyright Fee: GBP0.96$c0$e01-jan-2011$fGBP0.96$g0$hC$5Uk
=ACF  \\$aPrevious Copyright Fee: GBP0.96$c0$e01-oct-2010$fGBP0.96$g0$hC$5Uk
=ACF  \\$aPrevious Copyright Fee: GBP0.96$c0$e01-jul-2010$fGBP0.96$g0$hC$5Uk
=ACF  \\$aPrevious Copyright Fee: GBP0.96$c0$e01-apr-2010$fGBP0.96$g0$hC$5Uk
=ACF  \\$aPrevious Copyright Fee: GBP0.96$c0$e01-Jan-2010$fGBP0.96$g0$hC$5Uk
=ACF  \\$aPrevious Copyright Fee: GBP0.96$c0$e01-oct-2009$fGBP0.96$g0$hC$5Uk
=ACF  \\$aPrevious Copyright Fee: GBP1.14$c0$e01-jul-2009$fGBP1.14$g0$hC$5Uk
=ACF  \\$aPrevious Copyright Fee: GBP1.14$c0$e01-apr-2009$fGBP1.14$g0$hC$5Uk
=ACF  \\$aPrevious Copyright Fee: GBP1.00$c0$e01-jan-2009$fGBP1.00$g0$hC$5Uk
=ACF  \\$aPrevious Copyright Fee: GBP0.80$c0$e01-oct-2008$fGBP0.80$g0$hC$5Uk
=ACF  \\$aPrevious Copyright Fee: GBP0.80$c0$e01-jul-2008$fGBP0.80$g0$hC$5Uk
=ACF  \\$aPrevious Copyright Fee: GBP1.03$c0$e01-apr-2012$fGBP1.03$g0$hC$5Uk
=ACF  \\$aPrevious Copyright Fee: GBP0.97$c0$e01-jul-2012$fGBP0.97$g0$hC$5Uk
=ACF  \\$aBritish Library not licensed to copy$c0$e01-jan-2013$hC$iCFP Excluded$5Uk
=ACF  \\$aBritish Library not licensed to copy$c0$e01-jul-2013$hC$iCFP Excluded$5Uk
=ACF  \\$aBritish Library not licensed to copy$c0$e01-oct-2013$hC$iCFP Excluded$5Uk
=CAT  \\$aCONV$b00$c20040425$lBLL90$h0851
=CAT  \\$aIPL-CLA$c20101231$lBLL01$h1451
=CAT  \\$aBATCH-CLA$b00$c20110228$lBLL01$h1551
=CAT  \\$aIPL-CLA$c20110331$lBLL01$h1459
=CAT  \\$aBATCH-CLA$b00$c20110531$lBLL01$h1650
=CAT  \\$aIPL-CLA$c20110630$lBLL01$h1538
=CAT  \\$aBATCH-CLA$b00$c20110831$lBLL01$h1813
=CAT  \\$aIPL-CLA$c20110930$lBLL01$h1542
=CAT  \\$aBATCH-CLA$b00$c20111130$lBLL01$h1220
=CAT  \\$aIPL-CLA$c20111230$lBLL01$h1956
=CAT  \\$aBATCH-CLA$b00$c20120229$lBLL01$h1633
=CAT  \\$aIPL-CLA$c20120330$lBLL01$h1429
=CAT  \\$aBATCH-CLA$b00$c20120531$lBLL01$h1712
=CAT  \\$aIPL-CLA$c20120629$lBLL01$h1027
=CAT  \\$aBATCH-CLA$b00$c20121109$lBLL01$h1741
=CAT  \\$aBATCH-CLA$b00$c20121130$lBLL01$h1235
=CAT  \\$aIPL-CLA$c20121231$lBLL01$h1306
=CAT  \\$aIPL-CLA$c20130102$lBLL01$h1721
=CAT  \\$aBATCH-CLA$b00$c20130531$lBLL01$h1647
=CAT  \\$aIPL-CLA$c20130701$lBLL01$h0036
=CAT  \\$aBATCH-CLA$b00$c20130830$lBLL01$h1624
=CAT  \\$aIPL-CLA$c20130930$lBLL01$h1737
=CAT  \\$aBATCH-CLA$b00$c20131129$lBLL01$h1651
=CAT  \\$aIPL-CLA$c20131231$lBLL01$h2259
=CAT  \\$aBATCH-CLA$b00$c20140530$lBLL01$h1707
=CAT  \\$aIPL-CLA$c20140630$lBLL01$h1715
=CFI  0\$aBritish Library not licensed to copy$c0$e01-jul-2014$hC$iCFP Excluded$5Uk
=CFI  2\$aBritish Library not licensed to copy$c0$e01-jan-2014$hC$iCFP Excluded$5Uk
=FIN  \\$aY
=FMT  \\$a  SE
=LAS  \\$aIPL-CLA$b00$c20140630$lBLL01$h1715
=LEO  \\$aMP10.0000154898
=LEO  \\$aMP25.0000002656
=SRC  \\$aDSS01$bbibmp10.200404.2.aa
=SRC  \\$aSRI01$bbibmp25.200404.2.aa
=TCO  \\$aTRS$bCCC$c008

