=LDR  06277cas a2201177 a 4500
=001  012093248
=003  Uk
=005  20221231203547.0
=007  ta
=008  810818d19801980gw\bx\p\\\\\\\0\\\b0mul\\
=019  0\$as038210037
=022  0\$a0172-5602
=040  \\$aUk$cUk$dUk
=041  0\$aeng$afre$ager$beng$bger
=084  \\$aHF 00$2blsrissc
=130  0\$aZentralblatt für Bakteriologie (Stuttgart, Germany, 1980).$n1. Abteilung,$pOriginale.$nB,$pHygiene, Krankenhaushygiene, Betriebshygiene, Präventive Mediziin.
=210  0\$aZentralbl. Bakteriol., 1. Abt. Orig. B. Hyg., Kranken.-hyg., Betr.hyg. Präv. Med.
=222  \0$aZentralblatt für Bakteriologie. 1. Abt. Originale B. Hygiene, Krankenhaushygiene, Betriebshygiene. Präventive Medizin
=245  10$aZentralblatt für Bakteriologie.$n1. Abteilung,$pOriginale.$nB,$pHygiene, Krankenhaushygiene, Betriebshygiene, Präventive Medizin.
=246  3\$aZentralblatt für Bakteriologie. Erste Abteilung. Originale B. Hygiene, Krankenhaushygiene, Betriebshygiene. Präventive Medizin
=246  30$aHygiene, Krankenhaushygiene, Betriebshygiene, Präventive Medizin
=246  31$aHygiene, hospital hygiene, industrial hygiene, preventive medicine.
=260  \\$aStuttgart ;$aNew York :$bFischer,$c1980.
=300  \\$a1 v. :$bill. ;$c25 cm.
=310  \\$aSix no. a year
=336  \\$atext$2rdacontent
=337  \\$aunmediated$2rdamedia
=338  \\$avolume$2rdacarrier
=362  0\$av. 170; Feb. 1980-Apr. 1980.
=500  \\$a"International journal of microbiology and hygiene."
=510  2\$aChemical abstracts$x0009-2258
=540  \\$aCurrent Copyright Fee: GBP25.00$c0$5Uk
=546  \\$aIn German, English or French, with summaries in English and German.
=555  \\$aCumulative index.
=650  \0$aPublic health$vPeriodicals.
=650  \0$aMedicine, Preventive$vPeriodicals.
=780  00$tZentralblatt für Bakteriologie, Parasitenkunde, Infektionskrankheiten und Hygiene. 1. Abt. Originale. Reihe B. Hygiene, Krankenhaushygiene, Betriebshygiene, präventive Medizin$x0300-9661
=785  00$tZentralblatt für Bakteriologie, Mikrobiologie und Hygiene. 1 Abt. Originale B. Hygiene$gJune 1980$x0174-3015
=852  49$aBritish Library$bDSC$3See shelfmark 9502.650000 for bd. 170, 1980 *A=1
=852  71$aBritish Library$bSTI$k(P)$hHF 00$m-G(4)$2blsrissc$31980-1980; Vol.170.
=985  \\$aUpgraded by BSS-generated file for WR2011-1473
=ACF  \\$aPrevious Copyright Fee: GBP25.71$c0$e01-jul-2009$fGBP25.71$g0$hC$5Uk
=ACF  \\$aPrevious Copyright Fee: GBP25.71$c0$e01-apr-2009$fGBP25.71$g0$hC$5Uk
=ACF  \\$aPrevious Copyright Fee: GBP11.25$c0$e01-jan-2009$fGBP11.25$g0$hC$5Uk
=ACF  \\$aPrevious Copyright Fee: GBP9.00$c0$e01-oct-2008$fGBP9.00$g0$hC$5Uk
=ACF  \\$aPrevious Copyright Fee: GBP9.00$c0$e01-jul-2008$fGBP9.00$g0$hC$5Uk
=ACF  \\$aPrevious Copyright Fee: GBP9.00$c0$e01-apr-2008$fGBP9.00$g0$hC$5Uk
=ACF  \\$aPrevious Copyright Fee: GBP9.00$c0$e01-jan-2008$fGBP9.00$g0$hC$5Uk
=ACF  \\$aPrevious Copyright Fee: GBP9.00$c0$e01-oct-2007$fGBP9.00$g0$hC$5Uk
=ACF  \\$aPrevious Copyright Fee: GBP9.00$c0$e01-jul-2007$fGBP9.00$g0$hC$5Uk
=ACF  \\$aPrevious Copyright Fee: GBP9.23$c0$e01-apr-2007$fGBP9.23$g0$hC$5Uk
=ACF  \\$aPrevious Copyright Fee: GBP9.73$c0$e01-jan-2007$fGBP9.73$g0$hC$5Uk
=ACF  \\$aPrevious Copyright Fee: GBP9.73$c0$e01-oct-2006$fGBP9.73$g0$hC$5Uk
=ACF  \\$aPrevious Copyright Fee: GBP10.29$c0$e01-jul-2006$fGBP10.29$g0$hC$5Uk
=ACF  \\$aPrevious Copyright Fee: GBP10.29$c0$e01-apr-2006$fGBP10.29$g0$hC$5Uk
=ACF  \\$aPrevious Copyright Fee: GBP10.00$c0$e01-jan-2006$fGBP10.00$g0$hC$5Uk
=ACF  \\$aPrevious Copyright Fee: GBP9.73$c0$e01-oct-2005$fGBP9.73$g0$hC$5Uk
=ACF  \\$aPrevious Copyright Fee: GBP9.73$c0$e01-jul-2005$fGBP9.73$g0$hC$5Uk
=ACF  \\$aPrevious Copyright Fee: GBP9.73$c0$e01-apr-2005$fGBP9.73$g0$hC$5Uk
=ACF  \\$aPrevious Copyright Fee: GBP10.00$c0$e01-jan-2005$fGBP10.00$g0$hC$5Uk
=ACF  \\$aPrevious Copyright Fee: GBP9.73$c0$e01-oct-2004$fGBP9.73$g0$hC$5Uk
=ACF  \\$aPrevious copyright fee: GBP10.50$c0$e01-jan-2011$fGBP10.50$g0$hA$5Uk
=ACF  \\$aPrevious copyright fee: GBP12.00$c0$e01-jan-2012$fGBP12.00$g0$hA$5Uk
=ACF  \\$aPrevious Copyright Fee: GBP12.30$c0$e01-jan-2014$fGBP12.30$g0$hA$5Uk
=ACF  \\$aPrevious Copyright Fee: GBP15.00$c0$e01-jan-2017$fGBP15.00$g0$hA$5Uk
=ACF  \\$aPrevious Copyright Fee: GBP17.50$c0$e01-jan-2018$fGBP17.50$g0$hA$5Uk
=ACF  \\$aPrevious Copyright Fee: GBP20.00$c0$e01-jan-2020$fGBP20.00$g0$hA$5Uk
=CAT  \\$aCONV$b00$c20040425$lBLL90$h0851
=CAT  \\$aBATCH$b00$c20090401$lBLL01$h0203
=CAT  \\$aBATCH-CLA$b00$c20090529$lBLL01$h1715
=CAT  \\$aBATCH-UPD$b00$c20090701$lBLL01$h2008
=CAT  \\$aBATCH-UPD$b00$c20090701$lBLL01$h2039
=CAT  \\$aBATCH$b00$c20090701$lBLL01$h2100
=CAT  \\$aBATCH$b00$c20091210$lBLL01$h0649
=CAT  \\$aBATCH-UPD$b00$c20101201$lBLL01$h1244
=CAT  \\$aIPL-CLA$c20101231$lBLL01$h1451
=CAT  \\$aWR11_203$c20111204$lBLL01$h1454
=CAT  \\$aIPL-CLA$c20111230$lBLL01$h1956
=CAT  \\$aBATCH-CLA$b00$c20121109$lBLL01$h1741
=CAT  \\$aBATCH-CLA$c20131220$lBLL01$h2001
=CAT  \\$aIPL-CLA$c20131231$lBLL01$h2259
=CAT  \\$aBATCH-CLA$b00$c20161222$lBLL01$h1755
=CAT  \\$aIPL-CLA$c20161230$lBLL01$h2053
=CAT  \\$aBATCH-CLA$b00$c20171222$lBLL01$h2113
=CAT  \\$aIPL-CLA$c20171231$lBLL01$h1608
=CAT  \\$aBATCH-CLA$b00$c20191219$lBLL01$h1722
=CAT  \\$aIPL-CLA$c20191231$lBLL01$h1910
=CAT  \\$aR2001-1524$c20200127$lBLL01$h1957
=CAT  \\$aW2011-1473$b00$c20201124$lBLL01$h1852
=CAT  \\$aBATCH-CLA$b00$c20201204$lBLL01$h1522
=CAT  \\$aIPL-CLA$c20201231$lBLL01$h2131
=CAT  \\$aBATCH-CLA$b00$c20221221$lBLL01$h1829
=CAT  \\$aIPL-CLA$c20221231$lBLL01$h2035
=CFI  0\$aCurrent Copyright Fee: GBP25.00$c0$e01-jan-2023$fGBP25.00$g0$hA$5Uk
=CFI  2\$aPrevious Copyright Fee: GBP22.50$c0$e01-jan-2021$fGBP22.50$g0$hA$5Uk
=FIN  \\$aY
=FMT  \\$a  SE
=LAS  \\$aIPL-CLA$b00$c20221231$lBLL01$h2035
=LEO  \\$aMP25.0000002888
=SRC  \\$aSRI01$bbibmp25.200404.2.aa
=TCO  \\$aDEU$bVG WORT$c008

