=LDR  04455 as a2201021 a 4500
=001  012093351
=003  Uk
=005  20080110174135.0
=007  ta
=008  840320d19171942nyusr\p\\\\\\\0\\\a0eng\\
=019  0\$as04012102x
=022  0\$a0005-1527$y0273-656X
=040  \\$aUk$cUk$dUk
=082  04$a338.476292$221
=084  \\$aVJ 00$2blsrissc
=210  0\$aAutomot. ind.$b(1917)
=222  \0$aAutomotive industries$b(1917)
=245  00$aAutomotive industries, the automobile.
=246  30$aAutomobile
=246  30$aAutomotive industries
=260  \\$aNew York, N.Y. :$b[Class Journal Co.,$c1917-1942]
=300  \\$a50 v. :$bill. ;$c29 cm.
=310  \\$aSemimonthly,$bMay 1939-Jan. 1942
=321  \\$aWeekly,$bNov. 1917-Apr. 1939
=336  \\$atext$2rdacontent
=337  \\$aunmediated$2rdamedia
=338  \\$avolume$2rdacarrier
=362  0\$aVol. 37, no. 18 (Nov. 1, 1917)-v. 86, no. 2 (Jan. 15, 1942).
=500  \\$aTitle from cover.
=500  \\$aImprint varies.
=540  \\$aBritish Library not licensed to copy$c0$5Uk
=580  \\$aIn June 1918, partly incorporated "Horseless age", q.v.
=650  \0$aAutomobile industry and trade$vPeriodicals.
=650  \0$aAutomobiles$vPeriodicals.
=690  7\$aManagement and Business Studies$2blcoll
=780  00$tAutomobile and automotive industries
=780  06$tHorseless age
=785  00$tAutomotive and aviation industries$x0097-7071
=852  49$aBritish Library$bDSC$3See shelfmark 1834.000000 for Vol. 38, 1918-86, 1942
=852  71$aBritish Library$bSTI$k(P)$hVJ 00$m-E(5)$2blsrissc$3Vol.37, no.18 - vol.86, no.2 ; Set incomplete
=886  2\$2blmarc$a029$b00$aS040121011$aS002803003$aS040121038
=985  \\$aRecord enhanced by DQ team
=ACF  \\$aPrevious Copyright Fee: GBP8.79$c0$e01-jul-2009$fGBP8.79$g0$hC$5Uk
=ACF  \\$aPrevious Copyright Fee: GBP8.79$c0$e01-apr-2009$fGBP8.79$g0$hC$5Uk
=ACF  \\$aPrevious Copyright Fee: GBP7.69$c0$e01-jan-2009$fGBP7.69$g0$hC$5Uk
=ACF  \\$aPrevious Copyright Fee: GBP6.15$c0$e01-oct-2008$fGBP6.15$g0$hC$5Uk
=ACF  \\$aPrevious Copyright Fee: GBP6.15$c0$e01-jul-2008$fGBP6.15$g0$hC$5Uk
=ACF  \\$aPrevious Copyright Fee: GBP6.15$c0$e01-apr-2008$fGBP6.15$g0$hC$5Uk
=ACF  \\$aPrevious copyright fee: GBP10.50$c0$e01-jan-2011$fGBP10.50$g0$hA$5Uk
=ACF  \\$aBritish Library not licensed to copy$c0$e07-sep-2011$hC$iTX$5Uk
=ACF  \\$aBritish Library not licensed to copy$c0$e01-jan-2013$hC$iCFP Excluded$5Uk
=ACF  \\$aBritish Library not licensed to copy$c0$e01-jul-2013$hC$iCFP Excluded$5Uk
=ACF  \\$aBritish Library not licensed to copy$c0$e01-oct-2013$hC$iCFP Excluded$5Uk
=CAT  \\$aCONV$b00$c20040425$lBLL90$h0851
=CAT  \\$aBATCH-UPD$b00$c20090331$lBLL01$h2302
=CAT  \\$aBATCH-UPD$b00$c20090401$lBLL01$h0034
=CAT  \\$aBATCH$b00$c20090401$lBLL01$h0203
=CAT  \\$aBATCH-CLA$b00$c20090529$lBLL01$h1728
=CAT  \\$aBATCH$b00$c20090610$lBLL01$h1705
=CAT  \\$aBATCH-UPD$b00$c20090701$lBLL01$h2008
=CAT  \\$aBATCH-UPD$b00$c20090701$lBLL01$h2039
=CAT  \\$aBATCH$b00$c20090701$lBLL01$h2100
=CAT  \\$aBATCH$b00$c20091210$lBLL01$h0649
=CAT  \\$aBATCH-UPD$b00$c20101201$lBLL01$h1244
=CAT  \\$aIPL-CLA$c20101231$lBLL01$h1451
=CAT  \\$aBATCH-UPD$b00$c20110907$lBLL01$h1822
=CAT  \\$aIPL-CLA$c20110908$lBLL01$h1737
=CAT  \\$aBATCH-CLA$b00$c20121109$lBLL01$h1741
=CAT  \\$aBATCH-CLA$b00$c20121130$lBLL01$h1234
=CAT  \\$aIPL-CLA$c20121231$lBLL01$h1306
=CAT  \\$aIPL-CLA$c20130102$lBLL01$h1721
=CAT  \\$aBATCH-CLA$b00$c20130531$lBLL01$h1647
=CAT  \\$aIPL-CLA$c20130701$lBLL01$h0036
=CAT  \\$aBATCH-CLA$b00$c20130830$lBLL01$h1624
=CAT  \\$aIPL-CLA$c20130930$lBLL01$h1737
=CAT  \\$aBATCH-CLA$b00$c20131129$lBLL01$h1651
=CAT  \\$aIPL-CLA$c20131231$lBLL01$h2259
=CAT  \\$aBATCH-CLA$b00$c20140530$lBLL01$h1707
=CAT  \\$aIPL-CLA$c20140630$lBLL01$h1715
=CFI  0\$aBritish Library not licensed to copy$c0$e01-jul-2014$hC$iCFP Excluded$5Uk
=CFI  2\$aBritish Library not licensed to copy$c0$e01-jan-2014$hC$iCFP Excluded$5Uk
=FIN  \\$aY
=FMT  \\$a  SE
=LAS  \\$aIPL-CLA$b00$c20140630$lBLL01$h1715
=LEO  \\$aMP25.0000002992
=LKR  \\$aPAR$b010472928$lBLL01$r78000$mAutomotive industries, the automobile$nAutomobile and automotive industries
=SRC  \\$aSRI01$bbibmp25.200404.2.aa
=TCO  \\$aTRS$bCCC$c008

