=LDR  03867cas a22008777a 4500
=001  012093446
=003  Uk
=005  20230930104833.0
=007  ta
=008  840403d19451960xxu||\p|||\\\|0\\\a0eng\\
=019  0\$as040975010
=022  0\$a0066-0515
=040  \\$aUk$cUk$dUk
=084  \\$aT 00$2blsrissc
=084  \\$aTA 50$2blsrissc
=110  2\$aAmerican Society for Testing Materials.
=245  10$aProceedings /$cAmerican Society for Testing Materials.
=260  \\$aPhiladelphia, Pa.,$c1945-1960.
=300  \\$c24cm.
=336  \\$atext$2rdacontent
=337  \\$aunmediated$2rdamedia
=338  \\$avolume$2rdacarrier
=540  \\$aCurrent Copyright Fee: GBP35.64$c0$5Uk
=555  \\$aCumulative index.
=780  00$tProceedings of the annual meeting - American Society for Testing Materials
=785  00$tProceedings - American Society for Testing and Materials (1961)$x0097-4153
=852  49$aBritish Library$bDSC$3See shelfmark 6636.000000 for vol. 45, 1945- *A=1
=852  71$aBritish Library$bSTI$k(P)$hT 00$m-E(3)$2blsrissc$3Vol. 2 (1902)-v. 60 (1960)***UKRR Retained Title
=886  2\$2blmarc$a029$b00$aS040975002$aS04901000X$aS040975029$aS02229001X
=968  \\$aC
=ACF  \\$aBritish Library not licensed to copy$c0$e07-sep-2011$hC$iTX$5Uk
=ACF  \\$aPrevious copyright fee: GBP10.50$c0$e01-jan-2011$fGBP10.50$g0$hA$5Uk
=ACF  \\$aPrevious Copyright Fee: GBP13.50$c0$e01-jan-2008$fGBP13.50$g0$hC$5Uk
=ACF  \\$aPrevious Copyright Fee: GBP13.50$c0$e01-oct-2007$fGBP13.50$g0$hC$5Uk
=ACF  \\$aPrevious Copyright Fee: GBP13.50$c0$e01-jul-2007$fGBP13.50$g0$hC$5Uk
=ACF  \\$aBritish Library not licensed to copy$c0$e01-jul-2012$hC$iCLA Excluded$5Uk
=ACF  \\$aBritish Library not licensed to copy$c0$e01-oct-2012$hC$iCFP Excluded$5Uk
=ACF  \\$aBritish Library not licensed to copy$c0$e01-jan-2014$hC$iCFP Excluded$5Uk
=ACF  \\$aPrevious Copyright Fee: GBP8.30$c0$e01-oct-2022$fGBP8.30$g0$hC$5Uk
=ACF  \\$aBritish Library not licensed to copy$c0$e01-jan-2023$hC$iCFP Excluded$5Uk
=ACF  \\$aPrevious Copyright Fee: GBP9.02$c0$e09-feb-2023$fGBP9.02$g0$hC$5Uk
=ACF  \\$aPrevious Copyright Fee: GBP8.34$c0$e01-apr-2023$fGBP8.34$g0$hC$5Uk
=CAT  \\$aCONV$b00$c20040425$lBLL90$h0851
=CAT  \\$aBATCH$b00$c20091210$lBLL01$h0649
=CAT  \\$aBATCH-UPD$b00$c20101201$lBLL01$h1244
=CAT  \\$aIPL-CLA$c20101231$lBLL01$h1451
=CAT  \\$aBATCH-UPD$b00$c20110907$lBLL01$h1822
=CAT  \\$aIPL-CLA$c20110908$lBLL01$h1737
=CAT  \\$aBATCH-CLA$b00$c20120531$lBLL01$h1718
=CAT  \\$aIPL-CLA$c20120629$lBLL01$h1027
=CAT  \\$aBATCH-CLA$b00$c20120831$lBLL01$h1545
=CAT  \\$aIPL-CLA$c20120930$lBLL01$h2109
=CAT  \\$aBATCH-CLA$b00$c20121109$lBLL01$h1741
=CAT  \\$aWR12_128$c20121113$lBLL01$h1833
=CAT  \\$aBATCH-CLA$b00$c20131129$lBLL01$h1652
=CAT  \\$aIPL-CLA$c20131231$lBLL01$h2259
=CAT  \\$aBATCH-CLA$b00$c20220903$lBLL01$h0718
=CAT  \\$aIPL-CLA$c20220930$lBLL01$h1553
=CAT  \\$aBATCH-CLA$b00$c20221130$lBLL01$h1419
=CAT  \\$aIPL-CLA$c20221231$lBLL01$h2035
=CAT  \\$aBATCH-CLA$b00$c20230209$lBLL01$h1507
=CAT  \\$aIPL-CLA$c20230210$lBLL01$h0059
=CAT  \\$aBATCH-CLA$b00$c20230314$lBLL01$h1827
=CAT  \\$aIPL-CLA$c20230331$lBLL01$h1635
=CAT  \\$aBATCH-CLA$b00$c20230531$lBLL01$h1701
=CAT  \\$aIPL-CLA$c20230630$lBLL01$h1720
=CAT  \\$aBATCH-CLA$b00$c20230906$lBLL01$h1738
=CAT  \\$aIPL-CLA$c20230930$lBLL01$h1048
=CFI  0\$aCurrent Copyright Fee: GBP35.64$c0$e01-oct-2023$fGBP35.64$g0$hC$5Uk
=CFI  2\$aPrevious Copyright Fee: GBP36.90$c0$e01-jul-2023$fGBP36.90$g0$hC$5Uk
=FIN  \\$aY
=FMT  \\$a  SE
=LAS  \\$aIPL-CLA$b00$c20230930$lBLL01$h1048
=LEO  \\$aMP25.0000003095
=SRC  \\$aSRI01$bbibmp25.200404.2.aa
=TCO  \\$aTRS$bCCC$c008

