=LDR  04762cas a2201057ua 4500
=001  012094692
=003  Uk
=005  20221231203551.0
=007  ta
=008  821214d19811983oncar4\\\\\\\f0\\\a0eng\d
=019  0\$as056842031
=022  0\$a0823-5759
=040  \\$aUk$cUk$dUk
=041  0\$aeng$afre
=082  00$a354.710085/5$219
=084  \\$aBX 58$2blsrissc
=110  2\$aNational Research Council Canada.
=210  0\$aAnnu. rep. - Natl. Res. Counc. Can.
=222  \0$aAnnual report - National Research Council Canada
=245  10$aAnnual report /$cNational Research Council Canada.
=246  15$aRapport annuel
=260  \\$a[Ottawa] :$bThe Council,$c1981-1983.
=300  \\$a3 v. :$bill. ;$c28 cm.
=310  \\$aAnnual
=336  \\$atext$2rdacontent
=337  \\$aunmediated$2rdamedia
=338  \\$avolume$2rdacarrier
=362  0\$a1980/1981-1982/1983.
=515  \\$aReport year ends Mar. 31.
=540  \\$aCurrent Copyright Fee: GBP25.00$c0$5Uk
=546  \\$aText in English and French with French text on inverted pages.
=546  \\$aFrom 30th, 1946/47, in English and French.
=610  20$aNational Research Council Canada$vPeriodicals.
=650  \0$aResearch$zCanada$vPeriodicals.
=650  \0$aResearch, Industrial$zCanada$vPeriodicals.
=690  7\$aManagement and Business Studies$2blcoll
=780  00$aNational Research Council Canada.$tReport of the president$x0373-904X
=785  00$aNational Research Council Canada.$tNRC annual report$x0842-6066
=852  71$aBritish Library$bSTI$k(P)$hBX 58$m-E(3)$2blsrissc$31931-1983; 13th, 1929/30 - 50th, 1966/67.; 1980/81-1982/83. ; Deficient: 1979/80
=852  71$aBritish Library$bSTI$k(P)$hBW 78$m-E(9)$2blsrissc$323rd and 24th Annual report
=852  49$aBritish Library$bDSC$3See shelfmark 7570.100000 for 1918- [1992] *A=1
=968  \\$bx
=985  \\$aUpgraded by BSS-generated file for WR2011-1473
=ACF  \\$aPrevious Copyright Fee: GBP5.00$c0$e01-jul-2009$fGBP5.00$g0$hC$5Uk
=ACF  \\$aPrevious Copyright Fee: GBP5.00$c0$e01-apr-2009$fGBP5.00$g0$hC$5Uk
=ACF  \\$aPrevious Copyright Fee: GBP4.38$c0$e01-jan-2009$fGBP4.38$g0$hC$5Uk
=ACF  \\$aPrevious Copyright Fee: GBP3.50$c0$e01-oct-2008$fGBP3.50$g0$hC$5Uk
=ACF  \\$aPrevious Copyright Fee: GBP3.50$c0$e01-jul-2008$fGBP3.50$g0$hC$5Uk
=ACF  \\$aPrevious Copyright Fee: GBP3.50$c0$e01-apr-2008$fGBP3.50$g0$hC$5Uk
=ACF  \\$aPrevious Copyright Fee: GBP3.50$c0$e01-jan-2008$fGBP3.50$g0$hC$5Uk
=ACF  \\$aPrevious copyright fee: GBP10.50$c0$e01-jan-2011$fGBP10.50$g0$hA$5Uk
=ACF  \\$aPrevious copyright fee: GBP12.00$c0$e01-jan-2012$fGBP12.00$g0$hA$5Uk
=ACF  \\$aPrevious Copyright Fee: GBP12.30$c0$e01-jan-2014$fGBP12.30$g0$hA$5Uk
=ACF  \\$aPrevious Copyright Fee: GBP15.00$c0$e01-jan-2017$fGBP15.00$g0$hA$5Uk
=ACF  \\$aPrevious Copyright Fee: GBP17.50$c0$e01-jan-2018$fGBP17.50$g0$hA$5Uk
=ACF  \\$aPrevious Copyright Fee: GBP20.00$c0$e01-jan-2020$fGBP20.00$g0$hA$5Uk
=CAT  \\$aCONV$b00$c20040425$lBLL90$h0851
=CAT  \\$aBATCH-CLA$b00$c20090529$lBLL01$h1703
=CAT  \\$aBATCH$b00$c20090610$lBLL01$h1705
=CAT  \\$aBATCH-UPD$b00$c20090701$lBLL01$h2009
=CAT  \\$aBATCH-UPD$b00$c20090701$lBLL01$h2039
=CAT  \\$aBATCH$b00$c20090701$lBLL01$h2100
=CAT  \\$aBATCH$b00$c20091123$lBLL01$h0100
=CAT  \\$aBATCH-UPD$b00$c20101201$lBLL01$h1244
=CAT  \\$aIPL-CLA$c20101231$lBLL01$h1451
=CAT  \\$aWR11_203$c20111204$lBLL01$h1454
=CAT  \\$aIPL-CLA$c20111230$lBLL01$h1956
=CAT  \\$aBATCH-CLA$b00$c20121109$lBLL01$h1741
=CAT  \\$aBATCH-CLA$c20131220$lBLL01$h2001
=CAT  \\$aIPL-CLA$c20131231$lBLL01$h2259
=CAT  \\$aBATCH-CLA$b00$c20161222$lBLL01$h1755
=CAT  \\$aIPL-CLA$c20161230$lBLL01$h2053
=CAT  \\$aBATCH-CLA$b00$c20171222$lBLL01$h2113
=CAT  \\$aIPL-CLA$c20171231$lBLL01$h1608
=CAT  \\$aBATCH-CLA$b00$c20191219$lBLL01$h1722
=CAT  \\$aIPL-CLA$c20191231$lBLL01$h1910
=CAT  \\$aR2001-1524$c20200127$lBLL01$h1957
=CAT  \\$aW2011-1473$b00$c20201124$lBLL01$h1852
=CAT  \\$aBATCH-CLA$b00$c20201204$lBLL01$h1522
=CAT  \\$aIPL-CLA$c20201231$lBLL01$h2131
=CAT  \\$aBATCH-CLA$b00$c20221221$lBLL01$h1829
=CAT  \\$aIPL-CLA$c20221231$lBLL01$h2035
=CFI  0\$aCurrent Copyright Fee: GBP25.00$c0$e01-jan-2023$fGBP25.00$g0$hA$5Uk
=CFI  2\$aPrevious Copyright Fee: GBP22.50$c0$e01-jan-2021$fGBP22.50$g0$hA$5Uk
=FIN  \\$aY
=FMT  \\$a  SE
=LAS  \\$aIPL-CLA$b00$c20221231$lBLL01$h2035
=LEO  \\$aMP25.0000004407
=LKR  \\$aPAR$b007176325$lBLL01$r78500$mAnnual report - National Research Council Canada$nNRC annual report
=SRC  \\$aSRI01$bbibmp25.200404.2.aa
=TCO  \\$aCAN$bAccess$c008

