=LDR  04901cas a2201069 a 4500
=001  012094693
=003  Uk
=005  20221231203551.0
=007  ta
=008  840724d19681980xxcar\p|||\\\|0\\\a0eng\\
=019  0\$as05684204x
=019  c\$a2195212
=022  0\$a0373-904X
=040  \\$aUk$cUk$dUk
=082  00$a354.7100855$219
=084  \\$aBX 58$2blsrissc
=110  2\$aNational Research Council of Canada.
=210  0\$aRep. Pres. - Natl. Res. Counc. Can.
=222  \0$aReport of the president - National Research Council of Canada
=245  10$aReport of the president /$cNational Research Council of Canada = Rapport du président / Conseil national de recherches du Canada.
=246  31$aRapport du président / Conseil national de recherches du Canada
=246  13$aReport of the president / National Research Council Canada
=246  13$aRapport du président / Conseil national de recherches Canada
=260  \\$aOttawa :$bThe Council,$c1968-1980.
=300  \\$a13 v.$bill. (some col.)$c25-30 cm.
=336  \\$atext$2rdacontent
=337  \\$aunmediated$2rdamedia
=338  \\$avolume$2rdacarrier
=362  0\$a1967/1968-1979/1980.
=515  \\$aReport year ends Mar. 31.
=540  \\$aCurrent Copyright Fee: GBP25.00$c0$5Uk
=546  \\$aIn English and French.
=546  \\$aText in English and French.
=650  \0$aResearch$zCanada$vPeriodicals.
=650  \0$aResearch, Industrial$zCanada$vPeriodicals.
=690  7\$aManagement and Business Studies$2blcoll
=780  00$aNational Research Council of Canada.$tAnnual report of the National Research Council of Canada.$x0369-5484
=785  10$aNational Research Council Canada.$tAnnual report.$x0823-5759
=852  71$aBritish Library$bSTI$k(P)$hBX 58$m-E(3)$2blsrissc$31967/1968-1978/1979***UKRR Retained Title***Deficient: 1979/80
=852  49$aBritish Library$bDSC$3See shelfmark 7570.100000 for 1918- [1992] *A=1
=945  \\$aREPORT OF THE PRESIDENT- NATIONAL RESEARCH COUNCIL CANADA.
=968  \\$bx
=979  \\$aBritish Library$bDSC$j7661.985000N
=985  \\$aRecord merged by DQ team
=ACF  \\$aPrevious Copyright Fee: GBP3.50$c0$e01-oct-2008$fGBP3.50$g0$hC$5Uk
=ACF  \\$aPrevious copyright fee: GBP6.00$c0$e01-apr-2008$fGBP6.00$g0$hA$5Uk
=ACF  \\$aPrevious copyright fee: GBP5.00$c0$e01-jul-2002$fGBP5.00$g0$hA$5Uk
=ACF  \\$aCurrent copyright fee: GBP4.40$c0$e01-jul-1998$fGBP4.40$g0$hA$5Uk
=ACF  \\$aCurrent copyright fee: GBP4.20$c0$e01-apr-1997$fGBP4.20$g0$hA$5Uk
=ACF  \\$aPrevious copyright fee: GBP10.50$c0$e01-jan-2011$fGBP10.50$g0$hA$5Uk
=ACF  \\$aPrevious copyright fee: GBP12.00$c0$e01-jan-2012$fGBP12.00$g0$hA$5Uk
=ACF  \\$aPrevious Copyright Fee: GBP12.30$c0$e01-jan-2014$fGBP12.30$g0$hA$5Uk
=ACF  \\$aPrevious Copyright Fee: GBP15.00$c0$e01-jan-2017$fGBP15.00$g0$hA$5Uk
=ACF  \\$aPrevious Copyright Fee: GBP17.50$c0$e01-jan-2018$fGBP17.50$g0$hA$5Uk
=ACF  \\$aPrevious Copyright Fee: GBP20.00$c0$e01-jan-2020$fGBP20.00$g0$hA$5Uk
=CAT  \\$aCONV$b00$c20040425$lBLL90$h0851
=CAT  \\$aBATCH-CLA$b00$c20080829$lBLL01$h1838
=CAT  \\$aBATCH-UPD$b00$c20080930$lBLL01$h2243
=CAT  \\$aBATCH-UPD$b00$c20081001$lBLL01$h0002
=CAT  \\$aBATCH$b00$c20081001$lBLL01$h0119
=CAT  \\$aBATCH$b00$c20090610$lBLL01$h1705
=CAT  \\$aBATCH$b00$c20091210$lBLL01$h0649
=CAT  \\$aBATCH-UPD$b00$c20101201$lBLL01$h1244
=CAT  \\$aIPL-CLA$c20101231$lBLL01$h1451
=CAT  \\$aWR11_203$c20111204$lBLL01$h1454
=CAT  \\$aIPL-CLA$c20111230$lBLL01$h1956
=CAT  \\$aBATCH-CLA$b00$c20121109$lBLL01$h1741
=CAT  \\$aWR13.005$c20130323$lBLL01$h1316
=CAT  \\$aBATCH-CLA$c20131220$lBLL01$h2001
=CAT  \\$aIPL-CLA$c20131231$lBLL01$h2259
=CAT  \\$aBATCH-CLA$b00$c20161222$lBLL01$h1755
=CAT  \\$aIPL-CLA$c20161230$lBLL01$h2053
=CAT  \\$aBATCH-CLA$b00$c20171222$lBLL01$h2113
=CAT  \\$aIPL-CLA$c20171231$lBLL01$h1608
=CAT  \\$aBATCH-CLA$b00$c20191219$lBLL01$h1722
=CAT  \\$aIPL-CLA$c20191231$lBLL01$h1910
=CAT  \\$aR2001-1524$c20200127$lBLL01$h1957
=CAT  \\$aBATCH-CLA$b00$c20201204$lBLL01$h1522
=CAT  \\$aIPL-CLA$c20201231$lBLL01$h2131
=CAT  \\$aBATCH-CLA$b00$c20221221$lBLL01$h1829
=CAT  \\$aIPL-CLA$c20221231$lBLL01$h2035
=CFI  0\$aCurrent Copyright Fee: GBP25.00$c0$e01-jan-2023$fGBP25.00$g0$hA$5Uk
=CFI  2\$aPrevious Copyright Fee: GBP22.50$c0$e01-jan-2021$fGBP22.50$g0$hA$5Uk
=FIN  \\$aY
=FMT  \\$a  SE
=LAS  \\$aIPL-CLA$b00$c20221231$lBLL01$h2035
=LEO  \\$aMP10.0000497478
=LEO  \\$aMP25.0000004408
=LKR  \\$aPAR$b012094692$lBLL01$r78500$mReport of the president - National Research Council of Canada$nAnnual report - National Research Council Canada
=SRC  \\$aDSS01$bbibmp10.200404.2.aa
=SRC  \\$aSRI01$bbibmp25.200404.2.aa
=TCO  \\$aCAN$bAccess$c008

