=LDR  06074cas a2201249 a 4500
=001  012095337
=003  Uk
=005  20230210005925.0
=007  ta
=008  040419d19221947enkmu\p\\\\\\\0\\\a0eng\\
=019  0\$as061276006
=019  x\$a1981500170
=022  0\$a0368-4253$202
=030  \\$aJSINAY
=040  \\$aUk$cUk$dUk
=042  \\$aissnuk
=084  \\$aPJ 00$2blsrissc
=210  0\$aJ. sci. instrum.$b(1922)
=222  \0$aJournal of scientific instruments$b(1922)
=245  00$aJournal of scientific instruments.
=260  \\$aLondon :$bInstitute of Physics
=300  \\$av. :$bill. ;$c30 cm.
=336  \\$atext$2rdacontent
=337  \\$aunmediated$2rdamedia
=338  \\$avolume$2rdacarrier
=515  \\$aVol. 1 includes preliminary number issued in May 1922
=540  \\$aCurrent Copyright Fee: GBP30.00$c0$5Uk
=650  \0$aScientific apparatus and instruments$xPeriodicals.
=710  2\$aInstitute of Physics (Great Britain)
=785  00$tJournal of scientific instruments and of physics in industry$x0368-4261
=852  49$aBritish Library$bDSC$3See shelfmark 5058.000000 for Vol. 1(3), 1923- 1947
=852  71$aBritish Library$bSTI$k(P)$hPJ 00$m-E(16)$2blsrissc$3Preliminary no., May, 1922 ; vol.1, 1922-1947
=985  \\$aRecord merged by DQ team
=ACF  \\$aPrevious Copyright Fee: GBP20.00$c0$e01-apr-2012$fGBP20.00$g0$hC$5Uk
=ACF  \\$aPrevious Copyright Fee: GBP20.00$c0$e01-jan-2012$fGBP20.00$g0$hC$5Uk
=ACF  \\$aPrevious Copyright Fee: GBP20.00$c0$e01-oct-2011$fGBP20.00$g0$hC$5Uk
=ACF  \\$aPrevious Copyright Fee: GBP20.00$c0$e01-jul-2011$fGBP20.00$g0$hC$5Uk
=ACF  \\$aPrevious Copyright Fee: GBP20.00$c0$e01-apr-2011$fGBP20.00$g0$hC$5Uk
=ACF  \\$aPrevious Copyright Fee: GBP20.00$c0$e01-jan-2011$fGBP20.00$g0$hC$5Uk
=ACF  \\$aPrevious Copyright Fee: GBP18.40$c0$e01-oct-2010$fGBP18.40$g0$hC$5Uk
=ACF  \\$aPrevious Copyright Fee: GBP18.40$c0$e01-jul-2010$fGBP18.40$g0$hC$5Uk
=ACF  \\$aPrevious Copyright Fee: GBP18.40$c0$e01-apr-2010$fGBP18.40$g0$hC$5Uk
=ACF  \\$aPrevious Copyright Fee: GBP18.40$c0$e01-Jan-2010$fGBP18.40$g0$hC$5Uk
=ACF  \\$aPrevious Copyright Fee: GBP18.40$c0$e01-oct-2009$fGBP18.40$g0$hC$5Uk
=ACF  \\$aPrevious Copyright Fee: GBP18.40$c0$e01-jul-2009$fGBP18.40$g0$hC$5Uk
=ACF  \\$aPrevious Copyright Fee: GBP18.40$c0$e01-apr-2009$fGBP18.40$g0$hC$5Uk
=ACF  \\$aPrevious Copyright Fee: GBP18.40$c0$e01-jan-2009$fGBP18.40$g0$hC$5Uk
=ACF  \\$aPrevious Copyright Fee: GBP18.40$c0$e01-oct-2008$fGBP18.40$g0$hC$5Uk
=ACF  \\$aPrevious Copyright Fee: GBP18.40$c0$e01-jul-2008$fGBP18.40$g0$hC$5Uk
=ACF  \\$aPrevious Copyright Fee: GBP18.40$c0$e01-apr-2008$fGBP18.40$g0$hC$5Uk
=ACF  \\$aPrevious Copyright Fee: GBP18.40$c0$e01-jan-2008$fGBP18.40$g0$hC$5Uk
=ACF  \\$aPrevious Copyright Fee: GBP18.40$c0$e01-oct-2007$fGBP18.40$g0$hC$5Uk
=ACF  \\$aPrevious Copyright Fee: GBP18.40$c0$e01-jul-2007$fGBP18.40$g0$hC$5Uk
=ACF  \\$aPrevious Copyright Fee: GBP18.40$c0$e01-apr-2007$fGBP18.40$g0$hC$5Uk
=ACF  \\$aPrevious Copyright Fee: GBP18.40$c0$e01-jan-2007$fGBP18.40$g0$hC$5Uk
=ACF  \\$aPrevious Copyright Fee: GBP18.40$c0$e01-oct-2006$fGBP18.40$g0$hC$5Uk
=ACF  \\$aPrevious Copyright Fee: GBP18.40$c0$e01-jul-2006$fGBP18.40$g0$hC$5Uk
=ACF  \\$aPrevious Copyright Fee: GBP18.40$c0$e01-apr-2006$fGBP18.40$g0$hC$5Uk
=ACF  \\$aPrevious Copyright Fee: GBP18.40$c0$e01-jan-2006$fGBP18.40$g0$hC$5Uk
=ACF  \\$aPrevious Copyright Fee: GBP18.40$c0$e01-oct-2005$fGBP18.40$g0$hC$5Uk
=ACF  \\$aPrevious Copyright Fee: GBP18.40$c0$e01-jul-2005$fGBP18.40$g0$hC$5Uk
=ACF  \\$aPrevious Copyright Fee: GBP18.40$c0$e01-apr-2005$fGBP18.40$g0$hC$5Uk
=ACF  \\$aPrevious Copyright Fee: GBP18.40$c0$e01-jan-2005$fGBP18.40$g0$hC$5Uk
=ACF  \\$aPrevious Copyright Fee: GBP18.40$c0$e01-oct-2004$fGBP18.40$g0$hC$5Uk
=ACF  \\$aPrevious Copyright Fee: GBP20.00$c0$e01-jul-2012$fGBP20.00$g0$hC$5Uk
=ACF  \\$aPrevious Copyright Fee: GBP20.00$c0$e01-oct-2012$fGBP20.00$g0$hC$5Uk
=ACF  \\$aPrevious Copyright Fee: GBP30.00$c0$e01-jan-2019$fGBP30.00$g0$hC$5Uk
=CAT  \\$aCONV$b00$c20040425$lBLL90$h0851
=CAT  \\$aBATCH-UPD$b00$c20100630$lBLL01$h1959
=CAT  \\$aIPL-CLA$c20100630$lBLL01$h2026
=CAT  \\$aBATCH-CLA$b00$c20100831$lBLL01$h1530
=CAT  \\$aIPL-CLA$c20100930$lBLL01$h1521
=CAT  \\$aBATCH-CLA$b00$c20101115$lBLL01$h1556
=CAT  \\$aIPL-CLA$c20101231$lBLL01$h1451
=CAT  \\$aBATCH-CLA$b00$c20110228$lBLL01$h1531
=CAT  \\$aIPL-CLA$c20110331$lBLL01$h1459
=CAT  \\$aBATCH-CLA$b00$c20110531$lBLL01$h1628
=CAT  \\$aIPL-CLA$c20110630$lBLL01$h1538
=CAT  \\$aBATCH-CLA$b00$c20110831$lBLL01$h1743
=CAT  \\$aIPL-CLA$c20110930$lBLL01$h1542
=CAT  \\$aBATCH-CLA$b00$c20111130$lBLL01$h1207
=CAT  \\$aIPL-CLA$c20111230$lBLL01$h1956
=CAT  \\$aBATCH-CLA$b00$c20120229$lBLL01$h1606
=CAT  \\$aIPL-CLA$c20120330$lBLL01$h1429
=CAT  \\$aBATCH-CLA$b00$c20120531$lBLL01$h1704
=CAT  \\$aIPL-CLA$c20120629$lBLL01$h1027
=CAT  \\$aBATCH-CLA$b00$c20120831$lBLL01$h1528
=CAT  \\$aIPL-CLA$c20120930$lBLL01$h2109
=CAT  \\$aBATCH-CLA$b00$c20121109$lBLL01$h1741
=CAT  \\$aBATCH-CLA$b00$c20181130$lBLL01$h1604
=CAT  \\$aIPL-CLA$c20181231$lBLL01$h1539
=CAT  \\$aBATCH-CLA$b00$c20221130$lBLL01$h1454
=CAT  \\$aIPL-CLA$c20221231$lBLL01$h2035
=CAT  \\$aBATCH-CLA$b00$c20230209$lBLL01$h1540
=CAT  \\$aIPL-CLA$c20230210$lBLL01$h0059
=CFI  0\$aCurrent Copyright Fee: GBP30.00$c0$e09-feb-2023$fGBP30.00$g0$hC$5Uk
=CFI  2\$aBritish Library not licensed to copy$c0$e01-jan-2023$hC$iCFP Excluded$5Uk
=FIN  \\$aY
=FMT  \\$a  SE
=LAS  \\$aIPL-CLA$b00$c20230210$lBLL01$h0059
=LEO  \\$aMP22.0000022851
=LEO  \\$aMP25.0000005082
=LEO  \\$aMP1.0002367530
=SRC  \\$aBLS01$bbibmp1.200404.2.ac
=SRC  \\$aISN01$bbibmp22.200404.2.aa
=SRC  \\$aSRI01$bbibmp25.200404.2.aa
=TCO  \\$aCLA$bCLA$c008

