=LDR  03574 as a2200805 a 4500
=001  012095420
=003  Uk
=005  20150817072630.0
=007  ta
=008  850514d19141929miuar\p\\\\\\\1\\\a0eng\\
=019  0\$as061625000
=022  0\$a0272-4235
=040  \\$aUk$cUk$dUk
=084  \\$aW 00$2blsrissc
=210  0\$aProc. annu. conv. - Am. Concr. Inst.
=222  \0$aProceedings of the annual convention - American Concrete Institute
=245  00$aProceedings of the ... annual convention held at ... /$cAmerican Concrete Institute.
=260  \\$aDetroit, Mich. :$bThe Institute,$c1917-1929.
=300  \\$a16 v. :$bill. ;$c23 cm.
=310  \\$aAnnual
=336  \\$atext$2rdacontent
=337  \\$aunmediated$2rdamedia
=338  \\$avolume$2rdacarrier
=362  0\$a10th (Feb. 16, 17, 18, 19, 20, 1914)-25th (Feb. 12, 13, and 14, 1929).
=540  \\$aBritish Library not licensed to copy$c0$5Uk
=555  \\$aVols. 1 (1905)-55 (1959). 1 v. (Includes index to the journal under its earlier and later titles).
=580  \\$aPart of v. 10 and all of v. 11 issued also in: American Concrete Institute. Journal of the American Concrete Institute, v. 1-3, 1913-1915.
=580  \\$aContinued in 1930 by: American Concrete Institute. Convention. Proceedings.
=650  \0$aConcrete$xSocieties.
=650  \0$aConcrete construction$xSocieties.
=710  2\$aAmerican Concrete Institute.$bConvention.
=710  2\$aAmerican Concrete Institute.
=777  0\$aAmerican Concrete Institute.$tJournal of the American Concrete Institute
=780  00$aNational Association of Cement Users (U.S.). Convention.$tProceedings of the ... annual convention held at ...
=785  00$aAmerican Concrete Institute.$tProceedings$bAnnual Convention.$x0097-4145
=852  49$aBritish Library$bDSC$3See shelfmark 4686.000000
=852  71$aBritish Library$bSTI$k(P)$hW 00$m-E(5)$2blsrissc$319th, 1923 - 25th, 1929
=886  2\$2blmarc$a029$b00$aS06162501X
=964  \\$aVOL. 19, 1923- 25, 1929 *A=1$c624$dO$eTU2
=985  \\$aRecord enhanced by DQ team
=ACF  \\$aPrevious Copyright Fee: GBP1.85$c0$e01-oct-2008$fGBP1.85$g0$hC$5Uk
=ACF  \\$aPrevious copyright fee: GBP10.50$c0$e01-jan-2011$fGBP10.50$g0$hA$5Uk
=CAT  \\$aCONV$b00$c20040425$lBLL90$h0851
=CAT  \\$aCONV$b00$c20040502$lBLL01$h1456
=CAT  \\$a8964$b40$c20070202$lBLL01$h1101
=CAT  \\$a8456$b40$c20080123$lBLL01$h1043
=CAT  \\$a8456$b40$c20080123$lBLL01$h1054
=CAT  \\$aBATCH-CLA$b00$c20080829$lBLL01$h1845
=CAT  \\$aBATCH-UPD$b00$c20081001$lBLL01$h0002
=CAT  \\$aBATCH$b00$c20081001$lBLL01$h0119
=CAT  \\$aBATCH$b00$c20091210$lBLL01$h0649
=CAT  \\$aBATCH-UPD$b00$c20101201$lBLL01$h1244
=CAT  \\$aIPL-CLA$c20101231$lBLL01$h1451
=CAT  \\$aBATCH-UPD$b00$c20110907$lBLL01$h1822
=CAT  \\$aIPL-CLA$c20110908$lBLL01$h1737
=CAT  \\$aBATCH-CLA$b00$c20121109$lBLL01$h1741
=CAT  \\$aBATCH-UPD$b00$c20121110$lBLL01$h0018
=CAT  \\$aBATCH-CLA$b00$c20140829$lBLL01$h1545
=CAT  \\$aIPL-CLA$c20140930$lBLL01$h1633
=CAT  \\$a8874$b40$c20150817$lBLL01$h0726
=CAT  \\$a5100$b40$c20170530$lBLL01$h1114
=CAT  \\$aBATCH-UPD$b40$c20170530$lBLL01$h1116
=CFI  0\$aBritish Library not licensed to copy$c0$e01-oct-2014$hC$iCFP Excluded$5Uk
=CFI  2\$aBritish Library not licensed to copy$c0$e07-sep-2011$hC$iTX$5Uk
=FIN  \\$aY
=FMT  \\$a  SE
=LAS  \\$aBATCH-UPD$b40$c20170530$lBLL01$h1116
=LEO  \\$aMP25.0000005210
=SRC  \\$aSRI01$bbibmp25.200404.2.aa
=TCO  \\$aTRS$bCCC$c008

