=LDR  07153cas a2201369 a 4500
=001  012095421
=003  Uk
=005  20211231171617.0
=007  ta
=008  850514u1930uuuumiuar\p\\\\\\\1\\\a0eng\\
=019  0\$as061625019
=019  c\$a2128061
=022  0\$a0097-4145
=040  \\$aUk$cUk$dUk
=082  0\$a620.136
=084  \\$aW 00$2blsrissc
=110  2\$aAmerican Concrete Institute.$bConvention.
=210  0\$aProc. - Am. Concr. Inst.
=222  \0$aProceedings - American Concrete Institute
=245  10$aProceedings /$cAmerican Concrete Institute.
=246  3\$aAmerican Concrete Institute proceedings
=246  18$aACI proceedings
=260  \\$aDetroit, Mich. :$bThe Institute,.$cc1930-
=300  \\$av. :$bill. ;$c24-29 cm.
=310  \\$aAnnual
=336  \\$atext$2rdacontent
=337  \\$aunmediated$2rdamedia
=338  \\$avolume$2rdacarrier
=362  0\$aVol. 26 (1930)-
=515  \\$aSome issues have double volume numbering: vol. 26 (1930)-v. 57 (1960) of the Proceedings appear in vol. 2 (1930)-v. 32 (1960) of the Journal of the American Concrete Institute.
=540  \\$aCurrent Copyright Fee: GBP2.76$c0$5Uk
=555  \\$aVols. 1 (1905)-55 (1959). 1 v. (Includes index to the journal under its earlier titles); Vols. 66 (1969)-75 (1978). 1 v.
=580  \\$aPublished as part of the Institute's Journal of the American Concrete Institute.
=580  \\$aVols. 26- include: Abstracts of the current literature of cement and concrete, which is published also in the institute's Journal of the American Concrete Institute.
=650  \0$aConcrete$xSocieties.
=650  \0$aConcrete construction$xSocieties.
=710  2\$aAmerican Concrete Institute.
=777  0\$aAmerican Concrete Institute.$tJournal of the American Concrete Institute$x0002-8061
=780  00$aAmerican Concrete Institute.$tProceedings of the ... annual convention held at ...$bAnnual Convention.$x0272-4235
=852  49$aBritish Library$bDSC$3See shelfmark 4686.000000
=852  71$aBritish Library$bSTI$k(P)$hW 00$m-E(5)$2blsrissc$31930-1978; Vol.26-75
=886  2\$2blmarc$a029$b00$aS061625001$aS061625028
=963  \\$aCA/U-4 VOL. 26, 1930- 83, 1986 *A=1$bN
=985  \\$aRecord merged by DQ team
=ACF  \\$aPrevious Copyright Fee: GBP2.39$c0$e01-apr-2012$fGBP2.39$g0$hC$5Uk
=ACF  \\$aPrevious Copyright Fee: GBP2.22$c0$e01-jan-2012$fGBP2.22$g0$hC$5Uk
=ACF  \\$aPrevious Copyright Fee: GBP2.22$c0$e01-oct-2011$fGBP2.22$g0$hC$5Uk
=ACF  \\$aPrevious Copyright Fee: GBP2.22$c0$e01-jul-2011$fGBP2.22$g0$hC$5Uk
=ACF  \\$aPrevious Copyright Fee: GBP2.22$c0$e01-apr-2011$fGBP2.22$g0$hC$5Uk
=ACF  \\$aPrevious Copyright Fee: GBP2.22$c0$e01-jan-2011$fGBP2.22$g0$hC$5Uk
=ACF  \\$aPrevious Copyright Fee: GBP2.22$c0$e01-oct-2010$fGBP2.22$g0$hC$5Uk
=ACF  \\$aPrevious Copyright Fee: GBP2.22$c0$e01-jul-2010$fGBP2.22$g0$hC$5Uk
=ACF  \\$aPrevious Copyright Fee: GBP2.22$c0$e01-apr-2010$fGBP2.22$g0$hC$5Uk
=ACF  \\$aBritish Library not licensed to copy$c0$e01-Jan-2010$hC$iCLA Excluded$5Uk
=ACF  \\$aPrevious Copyright Fee: GBP2.22$c0$e01-oct-2009$fGBP2.22$g0$hC$5Uk
=ACF  \\$aPrevious Copyright Fee: GBP2.64$c0$e01-jul-2009$fGBP2.64$g0$hC$5Uk
=ACF  \\$aPrevious Copyright Fee: GBP2.64$c0$e01-apr-2009$fGBP2.64$g0$hC$5Uk
=ACF  \\$aPrevious Copyright Fee: GBP2.31$c0$e01-jan-2009$fGBP2.31$g0$hC$5Uk
=ACF  \\$aPrevious Copyright Fee: GBP1.85$c0$e01-oct-2008$fGBP1.85$g0$hC$5Uk
=ACF  \\$aPrevious Copyright Fee: GBP1.85$c0$e01-jul-2008$fGBP1.85$g0$hC$5Uk
=ACF  \\$aPrevious Copyright Fee: GBP1.85$c0$e01-apr-2008$fGBP1.85$g0$hC$5Uk
=ACF  \\$aPrevious Copyright Fee: GBP2.24$c0$e01-jul-2012$fGBP2.24$g0$hC$5Uk
=ACF  \\$aPrevious Copyright Fee: GBP2.39$c0$e01-oct-2012$fGBP2.39$g0$hC$5Uk
=ACF  \\$aPrevious Copyright Fee: GBP2.31$c0$e01-jan-2013$fGBP2.31$g0$hC$5Uk
=ACF  \\$aPrevious Copyright Fee: GBP2.36$c0$e01-apr-2013$fGBP2.36$g0$hC$5Uk
=ACF  \\$aPrevious Copyright Fee: GBP2.44$c0$e01-jul-2013$fGBP2.44$g0$hC$5Uk
=ACF  \\$aPrevious Copyright Fee: GBP2.27$c0$e01-oct-2013$fGBP2.27$g0$hC$5Uk
=ACF  \\$aPrevious Copyright Fee: GBP2.36$c0$e01-jan-2014$fGBP2.36$g0$hC$5Uk
=ACF  \\$aPrevious Copyright Fee: GBP2.29$c0$e01-jul-2014$fGBP2.29$g0$hC$5Uk
=ACF  \\$aPrevious Copyright Fee: GBP1.82$c0$e01-jan-2015$fGBP1.82$g0$hC$5Uk
=ACF  \\$aPrevious Copyright Fee: GBP2.00$c0$e01-apr-2015$fGBP2.00$g0$hC$5Uk
=ACF  \\$aPrevious Copyright Fee: GBP1.94$c0$e01-oct-2015$fGBP1.94$g0$hC$5Uk
=ACF  \\$aPrevious Copyright Fee: GBP2.07$c0$e01-apr-2016$fGBP2.07$g0$hC$5Uk
=ACF  \\$aPrevious Copyright Fee: GBP2.22$c0$e01-oct-2016$fGBP2.22$g0$hC$5Uk
=ACF  \\$aPrevious Copyright Fee: GBP2.40$c0$e01-apr-2017$fGBP2.40$g0$hC$5Uk
=ACF  \\$aPrevious Copyright Fee: GBP2.28$c0$e01-oct-2017$fGBP2.28$g0$hC$5Uk
=ACF  \\$aPrevious Copyright Fee: GBP2.31$c0$e01-jan-2018$fGBP2.31$g0$hC$5Uk
=ACF  \\$aPrevious Copyright Fee: GBP2.14$c0$e01-apr-2018$fGBP2.14$g0$hC$5Uk
=ACF  \\$aPrevious Copyright Fee: GBP2.31$c0$e01-oct-2018$fGBP2.31$g0$hC$5Uk
=CAT  \\$aCONV$b00$c20040425$lBLL90$h0851
=CAT  \\$aBATCH-CLA$b00$c20150227$lBLL01$h1624
=CAT  \\$aIPL-CLA$c20150331$lBLL01$h1631
=CAT  \\$aBATCH-UPD$b00$c20150405$lBLL01$h0730
=CAT  \\$aBATCH-CLA$b00$c20150828$lBLL01$h1537
=CAT  \\$aIPL-CLA$c20150930$lBLL01$h1758
=CAT  \\$aBATCH-CLA$b00$c20160229$lBLL01$h1614
=CAT  \\$aIPL-CLA$c20160331$lBLL01$h1718
=CAT  \\$aBATCH-CLA$b00$c20160831$lBLL01$h1648
=CAT  \\$aIPL-CLA$c20160930$lBLL01$h1557
=CAT  \\$aBATCH-CLA$b00$c20170228$lBLL01$h1629
=CAT  \\$aIPL-CLA$c20170331$lBLL01$h1839
=CAT  \\$a5100$b40$c20170530$lBLL01$h1114
=CAT  \\$aBATCH-UPD$b40$c20170530$lBLL01$h1116
=CAT  \\$aBATCH-CLA$b00$c20170831$lBLL01$h1627
=CAT  \\$aIPL-CLA$c20170929$lBLL01$h1723
=CAT  \\$aBATCH-CLA$b00$c20171130$lBLL01$h1706
=CAT  \\$aIPL-CLA$c20171231$lBLL01$h1608
=CAT  \\$aBATCH-CLA$b00$c20180228$lBLL01$h1641
=CAT  \\$aIPL-CLA$c20180331$lBLL01$h1613
=CAT  \\$aBATCH-CLA$b00$c20180831$lBLL01$h1628
=CAT  \\$aIPL-CLA$c20180930$lBLL01$h1459
=CAT  \\$aBATCH-CLA$b00$c20181130$lBLL01$h1605
=CAT  \\$aIPL-CLA$c20181231$lBLL01$h1539
=CAT  \\$aBATCH-CLA$b00$c20211203$lBLL01$h0817
=CAT  \\$aIPL-CLA$c20211231$lBLL01$h1716
=CFI  0\$aCurrent Copyright Fee: GBP2.76$c0$e01-jan-2022$fGBP2.76$g0$hC$5Uk
=CFI  2\$aBritish Library not licensed to copy$c0$e01-jan-2019$hC$iCFP Excluded$5Uk
=FIN  \\$aY
=FMT  \\$a  SE
=LAS  \\$aIPL-CLA$b00$c20211231$lBLL01$h1716
=LEO  \\$aMP10.0000451424
=LEO  \\$aMP25.0000005211
=LKR  \\$aPAR$b010484098$lBLL01$r777$mProceedings - American Concrete Institute$nJournal of the American Concrete Institute.
=LKR  \\$aPAR$b012095420$lBLL01$r78000$mProceedings - American Concrete Institute$nProceedings of the annual convention - American Concrete Institute
=SRC  \\$aDSS01$bbibmp10.200404.2.aa
=SRC  \\$aSRI01$bbibmp25.200404.2.aa
=TCO  \\$aTRS$bCCC$c008

