=LDR  03175 as a2200697 a 4500
=001  012096200
=003  Uk
=005  20080116154829.0
=007  ta
=008  840327d19141974mauqr\p\\\\\\\0\\\a0eng\\
=019  0\$as064715000
=022  0\$a0006-8012$y0361-087X
=040  \\$aUk$cUk$dUk
=084  \\$aVW 00$2blsrissc
=110  20$aBoston Society of Civil Engineers.
=245  10$aJournal of the Boston Society of Civil Engineers.
=260  \\$aBoston,$bBoston Society of Civil Engineers.
=300  \\$av.$bill., maps$c24 cm.
=310  \\$aQuarterly
=336  \\$atext$2rdacontent
=337  \\$aunmediated$2rdamedia
=338  \\$avolume$2rdacarrier
=362  0\$av. 1-61, no. 1; 1914-Jan. 1974.
=500  \\$a"The Journal ... will contain the information relating to the affairs of the society heretofore printed in the monthly bulletin, together with the transactions of the society formerly published in the Journal of the Association of engineering societies."
=540  \\$aBritish Library not licensed to copy$c0$5Uk
=555  \\$aVols. 1-35, 1914-1948. 1 v.; vols. 36-55, 1949-1968.
=650  \0$aCivil engineering$vPeriodicals.
=650  \0$aEngineering$vPeriodicals.
=780  01$aBoston Society of Civil Engineers.$tMonthly bulletin
=785  00$aAmerican Society of Civil Engineers.$tJournal of the Boston Society of Civil Engineers Section, American Society of Civil Engineers$bBoston Society of Civil Engineers Section.$x0361-087X
=852  49$aBritish Library$bDSC$3See shelfmark 4710.000000 for Vol.17, 1930-61(1), 1974
=852  71$aBritish Library$bSTI$k(P)$hVW 00$m-E(41)$2blsrissc$3Vol.13, 1926-61(1), 1974***UKRR Retained Title
=886  2\$2blmarc$a029$b00$aS538206004
=985  \\$aRecord enhanced by DQ team
=ACF  \\$aBritish Library not licensed to copy$c0$e01-jan-2013$hC$iCFP Excluded$5Uk
=ACF  \\$aBritish Library not licensed to copy$c0$e01-jul-2013$hC$iCFP Excluded$5Uk
=ACF  \\$aBritish Library not licensed to copy$c0$e01-oct-2013$hC$iCFP Excluded$5Uk
=CAT  \\$aCONV$b00$c20040425$lBLL90$h0851
=CAT  \\$aCONV$b00$c20040502$lBLL01$h1456
=CAT  \\$a8456$b40$c20080116$lBLL01$h1548
=CAT  \\$aBATCH$b00$c20091210$lBLL01$h0649
=CAT  \\$aBATCH-CLA$b00$c20121130$lBLL01$h1234
=CAT  \\$aIPL-CLA$c20121231$lBLL01$h1306
=CAT  \\$aIPL-CLA$c20130102$lBLL01$h1721
=CAT  \\$aBATCH-CLA$b00$c20130531$lBLL01$h1649
=CAT  \\$aIPL-CLA$c20130701$lBLL01$h0036
=CAT  \\$aBATCH-CLA$b00$c20130830$lBLL01$h1624
=CAT  \\$aIPL-CLA$c20130930$lBLL01$h1737
=CAT  \\$aBATCH-CLA$b00$c20131129$lBLL01$h1651
=CAT  \\$aIPL-CLA$c20131231$lBLL01$h2259
=CAT  \\$aBATCH-CLA$b00$c20140530$lBLL01$h1707
=CAT  \\$aIPL-CLA$c20140630$lBLL01$h1715
=CAT  \\$aBATCH-UPD$b00$c20170302$lBLL01$h1820
=CFI  0\$aBritish Library not licensed to copy$c0$e01-jul-2014$hC$iCFP Excluded$5Uk
=CFI  2\$aBritish Library not licensed to copy$c0$e01-jan-2014$hC$iCFP Excluded$5Uk
=FIN  \\$aY
=FMT  \\$a  SE
=LAS  \\$aBATCH-UPD$b00$c20170302$lBLL01$h1820
=LEO  \\$aMP25.0000006029
=SRC  \\$aSRI01$bbibmp25.200404.2.aa
=TCO  \\$aTRS$bCCC$c008

