=LDR  03745 as a2200793 a 4500
=001  012097017
=003  Uk
=005  20080430160738.0
=007  ta
=008  790308d19341959dcumr\p\\\\\\f0\\\a0eng\d
=010  \\$a62037059
=019  0\$as067174051
=022  0\$a0091-0635
=040  \\$aUk$cUk$dUk
=082  04$a505$222
=084  \\$aJA 00$2blsrissc
=210  0\$aJ. res. Natl. Bur. Stand.$b(1934)
=222  \0$aJournal of research of the National Bureau of Standards$b(1934)
=245  00$aJournal of research of the National Bureau of Standards.
=260  \\$aWashington, D.C. :$bGovt Print. Off.,$c1934-1959.
=300  \\$a50 v. :$bill. ;$c24-26 cm.
=336  \\$atext$2rdacontent
=337  \\$aunmediated$2rdamedia
=338  \\$avolume$2rdacarrier
=362  0\$aVol. 13, no. 1 (July 1934)-v. 62, no. 6 (June 1959).
=500  \\$aVols. 13-62 consist of Research papers no. RP691-RP2961.
=500  \\$aBetween 1959 and 1977 published in various sections; see separate entries for Section A, Physics and chemistry, Section B, Mathematics and mathematical physics, Section C, Engineering and instrumentation and Section D, Radio propagation.
=540  \\$aBritish Library not licensed to copy$c0$5Uk
=650  \0$aPhysics$vPeriodicals.
=650  \0$aChemistry$vPeriodicals.
=650  \0$aTechnology$vPeriodicals.
=710  1\$aUnited States.$bNational Bureau of Standards.
=780  00$tBureau of Standards journal of research$x0091-1801
=785  06$tJournal of research of the National Bureau of Standards. Section A. Physics and chemistry$x0022-4332
=785  06$tJournal of research of the National Bureau of Standards. B, Mathematics and mathematical physics$x0022-4340
=785  06$tJournal of research of the National Bureau of Standards. C, Engineering and instrumentation$x0022-4316
=785  06$tJournal of research of the National Bureau of Standards. D, Radio propagation$x1060-1783
=852  49$aBritish Library$bDSC$3See shelfmark 5050.000000
=852  71$aBritish Library$bSTI$k(P)$hJA 00$m-E(8)$2blsrissc$31934-1959; Vol.13-62.
=ACF  \\$aBritish Library not licensed to copy$c0$e01-jan-2013$hC$iCFP Excluded$5Uk
=ACF  \\$aBritish Library not licensed to copy$c0$e01-jul-2013$hC$iCFP Excluded$5Uk
=ACF  \\$aBritish Library not licensed to copy$c0$e01-oct-2013$hC$iCFP Excluded$5Uk
=CAT  \\$aCONV$b00$c20040425$lBLL90$h0851
=CAT  \\$aCONV$b00$c20040502$lBLL01$h1456
=CAT  \\$aglobal_upd$b40$c20060417$lBLL01$h1841
=CAT  \\$a8201$b40$c20080430$lBLL01$h1557
=CAT  \\$a8201$b40$c20080430$lBLL01$h1601
=CAT  \\$a8201$b40$c20080430$lBLL01$h1607
=CAT  \\$aBATCH$b00$c20091210$lBLL01$h0649
=CAT  \\$aBATCH-CLA$b00$c20121130$lBLL01$h1236
=CAT  \\$aIPL-CLA$c20121231$lBLL01$h1306
=CAT  \\$aIPL-CLA$c20130102$lBLL01$h1721
=CAT  \\$aBATCH-CLA$b00$c20130531$lBLL01$h1647
=CAT  \\$aIPL-CLA$c20130701$lBLL01$h0036
=CAT  \\$aBATCH-CLA$b00$c20130830$lBLL01$h1625
=CAT  \\$aIPL-CLA$c20130930$lBLL01$h1737
=CAT  \\$aBATCH-CLA$b00$c20131129$lBLL01$h1652
=CAT  \\$aIPL-CLA$c20131231$lBLL01$h2259
=CAT  \\$aBATCH-CLA$b00$c20140530$lBLL01$h1708
=CAT  \\$aIPL-CLA$c20140630$lBLL01$h1715
=CFI  0\$aBritish Library not licensed to copy$c0$e01-jul-2014$hC$iCFP Excluded$5Uk
=CFI  2\$aBritish Library not licensed to copy$c0$e01-jan-2014$hC$iCFP Excluded$5Uk
=FIN  \\$aY
=FMT  \\$a  SE
=LAS  \\$aIPL-CLA$b00$c20140630$lBLL01$h1715
=LEO  \\$aMP25.0000006883
=LKR  \\$aPAR$b011737551$lBLL01$r78000$mJournal of research of the National Bureau of Standards (1934)$nBureau of Standards journal of research
=SRC  \\$aSRI01$bbibmp25.200404.2.aa
=TCO  \\$aTRS$bCCC$c008

