=LDR  06945 as a2201381ua 4500
=001  012097702
=003  Uk
=005  20180131115305.0
=007  ta
=008  840613d19301984nyuex\p\\\\\\\0\\\a0eng\\
=019  0\$as06973500x
=019  x\$a2540870252
=022  0\$a0013-5070
=040  \\$aUk$cUk$dUk
=082  0\$a621.38105
=084  \\$aRK 00$2blsrissc
=130  0\$aElectronics (1930)
=210  0\$aElectronics$b(1930)
=222  \0$aElectronics$b(1930)
=245  10$aElectronics.
=246  3\$aElectronics international
=260  \\$a[New York, etc.,$bMcGraw-Hill Pub. Co.]
=300  \\$a57 v.$bill., ports., diagrs.$c30 cm.
=310  \\$aBiweekly (except Dec. 29th issue)$b1983-
=321  \\$aMonthly,$b1930-<55>
=321  \\$aBiweekly,$b<May 26, 1977- >
=336  \\$atext$2rdacontent
=337  \\$aunmediated$2rdamedia
=338  \\$avolume$2rdacarrier
=362  0\$av. 1-57, no. 14; Apr. 1930-July 12, 1984.
=500  \\$aPublisher varies: -1988 published by VNU Business, New York, N.Y.; 1988-89 published by VNU Business, Hasbrouck Heights, N.J.
=500  \\$aFrom vol.41, no.20, 1968 contains section, and from vol.45, no.7, 1972 also entitled "Electronics international", q.v.
=520  \\$aJune issues, 1941-44 and Nov. issue, 1945, include a buyers' guide section.
=540  \\$aBritish Library not licensed to copy$c0$5Uk
=555  \\$aCumulative index.
=650  \0$aElectronics$vPeriodicals.
=730  02$aElectronics buyers' guide issue.
=730  02$aEngineering edition
=730  02$aBusiness edition
=785  00$tElectronicsWeek$x0748-3252
=852  49$aBritish Library$bDSC$3See shelfmark 3703.000000 for Vol. 1, 1930-v.57, no.14, 1984
=852  71$aBritish Library$bSTI$k(P)$hRK 00$m-E(38)$2blsrissc$3Vol. 1 (1930)- vol. 57, no. 14 (1984) ; Set incomplete
=886  2\$2blmarc$a029$b00$aS069735018
=985  \\$aRecord enhanced by DQ team
=ACF  \\$aBritish Library not licensed to copy$c0$e01-apr-2012$hC$iCLA Excluded$5Uk
=ACF  \\$aBritish Library not licensed to copy$c0$e01-jan-2012$hC$iCLA Excluded$5Uk
=ACF  \\$aBritish Library not licensed to copy$c0$e01-oct-2011$hC$iCLA Excluded$5Uk
=ACF  \\$aBritish Library not licensed to copy$c0$e01-jul-2011$hC$iCLA Excluded$5Uk
=ACF  \\$aBritish Library not licensed to copy$c0$e01-apr-2011$hC$iCLA Excluded$5Uk
=ACF  \\$aBritish Library not licensed to copy$c0$e01-jan-2011$hC$iCLA Excluded$5Uk
=ACF  \\$aBritish Library not licensed to copy$c0$e01-oct-2010$hC$iCLA Excluded$5Uk
=ACF  \\$aBritish Library not licensed to copy$c0$e01-jul-2010$hC$iCLA Excluded$5Uk
=ACF  \\$aBritish Library not licensed to copy$c0$e01-apr-2010$hC$iCLA Excluded$5Uk
=ACF  \\$aBritish Library not licensed to copy$c0$e01-Jan-2010$hC$iCLA Excluded$5Uk
=ACF  \\$aBritish Library not licensed to copy$c0$e01-oct-2009$hC$iCLA Excluded$5Uk
=ACF  \\$aBritish Library not licensed to copy$c0$e01-jul-2009$hC$iCLA Excluded$5Uk
=ACF  \\$aBritish Library not licensed to copy$c0$e01-apr-2009$hC$iCLA Excluded$5Uk
=ACF  \\$aBritish Library not licensed to copy$c0$e01-jan-2009$hC$iCLA Excluded$5Uk
=ACF  \\$aBritish Library not licensed to copy$c0$e01-oct-2008$hC$iCLA Excluded$5Uk
=ACF  \\$aBritish Library not licensed to copy$c0$e01-jul-2008$hC$iCLA Excluded$5Uk
=ACF  \\$aBritish Library not licensed to copy$c0$e01-apr-2008$hC$iCLA Excluded$5Uk
=ACF  \\$aPrevious Copyright Fee: GBP4.28$c0$e01-jan-2008$fGBP4.28$g0$hC$5Uk
=ACF  \\$aPrevious Copyright Fee: GBP4.28$c0$e01-oct-2007$fGBP4.28$g0$hC$5Uk
=ACF  \\$aPrevious Copyright Fee: GBP4.28$c0$e01-jul-2007$fGBP4.28$g0$hC$5Uk
=ACF  \\$aPrevious Copyright Fee: GBP4.38$c0$e01-apr-2007$fGBP4.38$g0$hC$5Uk
=ACF  \\$aPrevious Copyright Fee: GBP4.62$c0$e01-jan-2007$fGBP4.62$g0$hC$5Uk
=ACF  \\$aPrevious Copyright Fee: GBP4.62$c0$e01-oct-2006$fGBP4.62$g0$hC$5Uk
=ACF  \\$aPrevious Copyright Fee: GBP4.89$c0$e01-jul-2006$fGBP4.89$g0$hC$5Uk
=ACF  \\$aPrevious Copyright Fee: GBP4.89$c0$e01-apr-2006$fGBP4.89$g0$hC$5Uk
=ACF  \\$aPrevious Copyright Fee: GBP4.75$c0$e01-jan-2006$fGBP4.75$g0$hC$5Uk
=ACF  \\$aPrevious Copyright Fee: GBP4.62$c0$e01-oct-2005$fGBP4.62$g0$hC$5Uk
=ACF  \\$aPrevious Copyright Fee: GBP3.27$c0$e01-jul-2005$fGBP3.27$g0$hC$5Uk
=ACF  \\$aPrevious Copyright Fee: GBP3.27$c0$e01-apr-2005$fGBP3.27$g0$hC$5Uk
=ACF  \\$aPrevious Copyright Fee: GBP3.36$c0$e01-jan-2005$fGBP3.36$g0$hC$5Uk
=ACF  \\$aPrevious Copyright Fee: GBP3.27$c0$e01-oct-2004$fGBP3.27$g0$hC$5Uk
=ACF  \\$aBritish Library not licensed to copy$c0$e01-jul-2012$hC$iCLA Excluded$5Uk
=ACF  \\$aBritish Library not licensed to copy$c0$e01-oct-2012$hC$iCFP Excluded$5Uk
=ACF  \\$aBritish Library not licensed to copy$c0$e01-jan-2013$hC$iCFP Excluded$5Uk
=ACF  \\$aBritish Library not licensed to copy$c0$e01-apr-2013$hC$iCFP Excluded$5Uk
=ACF  \\$aBritish Library not licensed to copy$c0$e01-jul-2013$hC$iCFP Excluded$5Uk
=ACF  \\$aBritish Library not licensed to copy$c0$e01-oct-2013$hC$iCFP Excluded$5Uk
=ACF  \\$aBritish Library not licensed to copy$c0$e01-jan-2014$hC$iCFP Excluded$5Uk
=CAT  \\$aCONV$b00$c20040425$lBLL90$h0851
=CAT  \\$aBATCH-CLA$b00$c20120229$lBLL01$h1559
=CAT  \\$aIPL-CLA$c20120330$lBLL01$h1429
=CAT  \\$aBATCH-CLA$b00$c20120531$lBLL01$h1717
=CAT  \\$aIPL-CLA$c20120629$lBLL01$h1027
=CAT  \\$aBATCH-CLA$b00$c20120831$lBLL01$h1543
=CAT  \\$aIPL-CLA$c20120930$lBLL01$h2109
=CAT  \\$aBATCH-CLA$b00$c20121109$lBLL01$h1741
=CAT  \\$aWR12_128$c20121113$lBLL01$h1833
=CAT  \\$aBATCH-CLA$b00$c20121130$lBLL01$h1235
=CAT  \\$aIPL-CLA$c20121231$lBLL01$h1306
=CAT  \\$aIPL-CLA$c20130102$lBLL01$h1721
=CAT  \\$aBATCH-CLA$b00$c20130228$lBLL01$h1708
=CAT  \\$aIPL-CLA$c20130331$lBLL01$h1052
=CAT  \\$a540_fix$c20130403$lBLL01$h2012
=CAT  \\$aBATCH-CLA$b00$c20130531$lBLL01$h1643
=CAT  \\$aIPL-CLA$c20130701$lBLL01$h0036
=CAT  \\$aBATCH-CLA$b00$c20130830$lBLL01$h1624
=CAT  \\$aIPL-CLA$c20130930$lBLL01$h1737
=CAT  \\$aBATCH-CLA$b00$c20131129$lBLL01$h1651
=CAT  \\$aIPL-CLA$c20131231$lBLL01$h2259
=CAT  \\$aBATCH-CLA$b00$c20140228$lBLL01$h1612
=CAT  \\$aIPL-CLA$c20140331$lBLL01$h1624
=CAT  \\$aBATCH-CLA$b00$c20140530$lBLL01$h1707
=CAT  \\$aIPL-CLA$c20140630$lBLL01$h1715
=CAT  \\$a8874$b40$c20180131$lBLL01$h1153
=CFI  0\$aBritish Library not licensed to copy$c0$e01-jul-2014$hC$iCFP Excluded$5Uk
=CFI  2\$aBritish Library not licensed to copy$c0$e01-apr-2014$hC$iCFP Excluded$5Uk
=FIN  \\$aY
=FMT  \\$a  SE
=LAS  \\$a8874$b40$c20180131$lBLL01$h1153
=LEO  \\$aMP25.0000007593
=LEO  \\$aMP1.0003044558
=SRC  \\$aBLS01$bbibmp1.200404.2.ad
=SRC  \\$aSRI01$bbibmp25.200404.2.aa
=TCO  \\$aTRS$bCCC$c008

