=LDR  02253 as a2200601 a 4500
=001  012098956
=003  Uk
=005  20100623110114.0
=007  ta
=008  840327d19391945enkuu\p\\\\\\o0\\\a0eng\\
=019  0\$as075575035
=019  c\$a2258573
=040  \\$aUk$cUk$dUk
=082  04$a388.105$222
=084  \\$aWD 20$2blsrissc
=110  2\$aRoad Research Laboratory.
=245  10$aWartime activities of the Road Research Laboratory.
=260  \\$aLondon :$bHMSO,$c1949.
=300  \\$c23 cm.
=336  \\$atext$2rdacontent
=337  \\$aunmediated$2rdamedia
=338  \\$avolume$2rdacarrier
=580  \\$aContinuation of, and continued as "Road Research Board. Report", q.v.
=595  \\$aSEE 7593.00.
=650  \0$aRoads$zGreat Britain$xDesign and construction$xResearch$vPeriodicals.
=650  \0$aTransportation$xResearch$zGreat Britain$vPeriodicals.
=710  1\$aGreat Britain.$bDepartment of Scientific and Industrial Research.
=787  1\$tReport of the Road Research Board with the report of the Director of road research for the year ended ...
=852  49$aBritish Library$bDSC$3See shelfmark 7593.000000
=852  71$aBritish Library$bSTI$k(P)$hWD 20$m-E(7)$2blsrissc$31946-1946; 1939/45.
=945  \\$aWARTIME ACTIVITIES OF THE ROAD RESEARCH LABORATORY.
=968  \\$aC
=985  \\$aRecord amended for WR# 13/070
=985  \\$aRecord merged by DQ team
=ACF  \\$aCurrent copyright fee: GBP4.20$c0$e01-apr-1997$fGBP4.20$g0$hA$5Uk
=CAT  \\$aCONV$b00$c20040425$lBLL90$h0851
=CAT  \\$aCONV$b00$c20040502$lBLL01$h1456
=CAT  \\$aBATCH$b00$c20091123$lBLL01$h0102
=CAT  \\$a8201$b40$c20100222$lBLL01$h1129
=CAT  \\$a8874$b40$c20100623$lBLL01$h1101
=CAT  \\$aBATCH-CLA$b00$c20121109$lBLL01$h1741
=CAT  \\$aWR13.005$c20130323$lBLL01$h1316
=CAT  \\$aWR13_070$b00$c20130504$lBLL01$h0227
=CAT  \\$aWR13_070C$c20130611$lBLL01$h1851
=CFI  2\$aCurrent copyright fee: GBP4.40$c0$e01-jul-1998$fGBP4.40$g0$hA$5Uk
=FIN  \\$aY
=FMT  \\$a  SE
=LAS  \\$aWR13_070C$b00$c20130611$lBLL01$h1851
=LEO  \\$aMP10.0000605765
=LEO  \\$aMP25.0000008909
=SRC  \\$aDSS01$bbibmp10.200404.2.aa
=SRC  \\$aSRI01$bbibmp25.200404.2.aa
=TCO  \\$aCLA$bCLA$c008

