=LDR  04134cas a2200925ua 4500
=001  012100876
=003  Uk
=005  20221231203616.0
=007  ta
=008  840501d19461974fr\br\p|||\\\|0\\\b0fre\\
=019  0\$as085780006
=022  \\$a0042-5281
=040  \\$aUk$cUk$dUk
=084  \\$aSK 40$2blsrissc
=130  0\$aVide (Paris, France)
=245  13$aLe Vide :$btechnique, applications.
=260  \\$aParis :$bSociété française du vide,$c1946-74
=300  \\$a29 v.$bill.$c28 cm.
=310  \\$aBimonthly
=336  \\$atext$2rdacontent
=337  \\$aunmediated$2rdamedia
=338  \\$avolume$2rdacarrier
=362  0\$a1.-29e année (no. 1-171/172); jan. 1946-mai/juin/juil./août 1974.
=504  \\$aTo ann. 28, no 164, includes "Documentation" section.
=515  \\$aSome issues combined.
=540  \\$aCurrent Copyright Fee: GBP25.00$c0$5Uk
=550  \\$aVols. for mai-juin 1956-1973 issued by: Société française des ingénieurs et techniciens du vide; janv.-févr. 1974-mai-juin-juil.-août 1974 by: Société française du vide.
=650  \0$aVacuum technology$vPeriodicals.
=650  \0$aVacuum$vPeriodicals.
=650  \0$aVacuum-tubes$vPeriodicals.
=710  2\$aSociété française des ingénieurs techniciens du vide.
=710  2\$aSociété française du vide.
=785  00$tVide, les couches minces$x0223-4335
=852  49$aBritish Library$bDSC$3See shelfmark 9233.000000 for Ann. 1, 1946- 33, 1978
=852  71$aBritish Library$bSTI$k(P)$hSK 40$m-F(1)$2blsrissc$3Annee 1, no. 1 (1946)-annee 29, no. 171/172 (1974)***UKRR Retained Title
=985  \\$aRecord merged by DQ team
=ACF  \\$aPrevious Copyright Fee: GBP5.71$c0$e01-jul-2009$fGBP5.71$g0$hC$5Uk
=ACF  \\$aPrevious Copyright Fee: GBP5.71$c0$e01-apr-2009$fGBP5.71$g0$hC$5Uk
=ACF  \\$aPrevious Copyright Fee: GBP5.00$c0$e01-jan-2009$fGBP5.00$g0$hC$5Uk
=ACF  \\$aPrevious Copyright Fee: GBP4.00$c0$e01-oct-2008$fGBP4.00$g0$hC$5Uk
=ACF  \\$aPrevious copyright fee: GBP10.50$c0$e01-jan-2011$fGBP10.50$g0$hA$5Uk
=ACF  \\$aPrevious copyright fee: GBP12.00$c0$e01-jan-2012$fGBP12.00$g0$hA$5Uk
=ACF  \\$aPrevious Copyright Fee: GBP12.30$c0$e01-jan-2014$fGBP12.30$g0$hA$5Uk
=ACF  \\$aPrevious Copyright Fee: GBP15.00$c0$e01-jan-2017$fGBP15.00$g0$hA$5Uk
=ACF  \\$aPrevious Copyright Fee: GBP17.50$c0$e01-jan-2018$fGBP17.50$g0$hA$5Uk
=ACF  \\$aPrevious Copyright Fee: GBP20.00$c0$e01-jan-2020$fGBP20.00$g0$hA$5Uk
=CAT  \\$aCONV$b00$c20040425$lBLL90$h0851
=CAT  \\$aBATCH$b00$c20090401$lBLL01$h0204
=CAT  \\$aBATCH-CLA$b00$c20090529$lBLL01$h1714
=CAT  \\$aBATCH-UPD$b00$c20090701$lBLL01$h2009
=CAT  \\$aBATCH-UPD$b00$c20090701$lBLL01$h2039
=CAT  \\$aBATCH$b00$c20090701$lBLL01$h2100
=CAT  \\$aBATCH$b00$c20091210$lBLL01$h0649
=CAT  \\$aBATCH-UPD$b00$c20101201$lBLL01$h1244
=CAT  \\$aIPL-CLA$c20101231$lBLL01$h1451
=CAT  \\$aWR11_203$c20111204$lBLL01$h1455
=CAT  \\$aIPL-CLA$c20111230$lBLL01$h1957
=CAT  \\$aBATCH-CLA$b00$c20121109$lBLL01$h1741
=CAT  \\$aBATCH-CLA$c20131220$lBLL01$h2002
=CAT  \\$aIPL-CLA$c20131231$lBLL01$h2300
=CAT  \\$aBATCH-CLA$b00$c20161222$lBLL01$h1755
=CAT  \\$aBATCH-UPD$b00$c20161224$lBLL01$h0516
=CAT  \\$aIPL-CLA$c20161230$lBLL01$h2054
=CAT  \\$aBATCH-CLA$b00$c20171222$lBLL01$h2113
=CAT  \\$aIPL-CLA$c20171231$lBLL01$h1608
=CAT  \\$aBATCH-CLA$b00$c20191219$lBLL01$h1723
=CAT  \\$aIPL-CLA$c20191231$lBLL01$h1911
=CAT  \\$aR2001-1524$c20200127$lBLL01$h1958
=CAT  \\$aBATCH-CLA$b00$c20201204$lBLL01$h1522
=CAT  \\$aIPL-CLA$c20201231$lBLL01$h2132
=CAT  \\$aBATCH-CLA$b00$c20221221$lBLL01$h1830
=CAT  \\$aIPL-CLA$c20221231$lBLL01$h2036
=CFI  0\$aCurrent Copyright Fee: GBP25.00$c0$e01-jan-2023$fGBP25.00$g0$hA$5Uk
=CFI  2\$aPrevious Copyright Fee: GBP22.50$c0$e01-jan-2021$fGBP22.50$g0$hA$5Uk
=FIN  \\$aY
=FMT  \\$a  SE
=LAS  \\$aIPL-CLA$b00$c20221231$lBLL01$h2036
=LEO  \\$aMP25.0000010953
=SRC  \\$aSRI01$bbibmp25.200404.2.aa
=TCO  \\$aFRA$bCFC$c008

