=LDR  07214cas a2201369 a 4500
=001  012101107
=003  Uk
=005  20211231171619.0
=007  ta
=008  840214d19491978txumr\p\\\\\\\0\\\a0eng\\
=019  0\$as086738003
=022  0\$a0149-2136$z0022-3522
=040  \\$aUk$cUk$dUk
=082  04$a665.5$221
=084  \\$aNQ 15$2blsrissc
=084  \\$aNP 949$2blsrissc
=210  0\$aJ. pet. technol.
=222  \0$aJournal of petroleum technology
=245  00$aJournal of petroleum technology.
=246  30$aPetroleum technology
=260  \\$a[Dallas, Tex. :$bAIME],$c1949-1978.
=300  \\$a30 v. :$bill. ;$c28 cm.
=310  \\$aMonthly
=336  \\$atext$2rdacontent
=337  \\$aunmediated$2rdamedia
=338  \\$avolume$2rdacarrier
=362  0\$aVol. 1, no. 1 (Jan. 1949)-[v. 30, no. 12] (Dec. 1978).
=500  \\$a"Official monthly publication of the Petroleum Branch, American Institute of Mining and Metallurgical Engineers."
=500  \\$a"Directory, Petroleum Branch membership" accompanies June 1949 issue.
=540  \\$aCurrent Copyright Fee: GBP21.21$c0$5Uk
=555  \\$aCumulative index.
=555  \\$aEarlier issues published by the Society under its previous names "American Institute of Mining and Metallurgical Engineers. Petroleum Branch" and "American Institute of Mining, Metallurgical, and Petroleum Engineers. Petroleum Branch".
=580  \\$aFormed by the union of: Petroleum technology, and, in part: Mining and metallurgy, ISSN 0096-7289.
=650  \0$aPetroleum engineering$vPeriodicals.
=710  2\$aAmerican Institute of Mining and Metallurgical Engineers.$bPetroleum Branch.
=710  2\$aSociety of Petroleum Engineers of AIME.
=780  14$tPetroleum technology$x0369-9013
=780  14$tMining and metallurgy (New York, N.Y. : 1920)$x0096-7289
=785  00$tJPT (Dallas, Tex.)
=852  71$aBritish Library$bSTI$k(TP)$hNQ 15$m-E(2) Centre desk$2blsrissc$3Accompanying diskettes
=852  71$aBritish Library$bSTI$k(P)$hNQ 15$m-E(2)$2blsrissc$3Vol. 1 (1949)-v. 30 (1978)
=852  49$aBritish Library$bDSC$3See shelfmark 5031.000000 for vol. 1, 1949-30, 1978
=886  2\$2blmarc$a029$b00$aS046959025$aS086738011$as08673802x
=ACF  \\$aPrevious Copyright Fee: GBP18.71$c0$e01-apr-2012$fGBP18.71$g0$hC$5Uk
=ACF  \\$aPrevious Copyright Fee: GBP17.40$c0$e01-jan-2012$fGBP17.40$g0$hC$5Uk
=ACF  \\$aPrevious Copyright Fee: GBP17.40$c0$e01-oct-2011$fGBP17.40$g0$hC$5Uk
=ACF  \\$aPrevious Copyright Fee: GBP5.40$c0$e01-jul-2011$fGBP5.40$g0$hC$5Uk
=ACF  \\$aPrevious Copyright Fee: GBP5.40$c0$e01-jan-2011$fGBP5.40$g0$hC$5Uk
=ACF  \\$aPrevious Copyright Fee: GBP5.40$c0$e01-oct-2010$fGBP5.40$g0$hC$5Uk
=ACF  \\$aPrevious Copyright Fee: GBP5.40$c0$e01-jul-2010$fGBP5.40$g0$hC$5Uk
=ACF  \\$aPrevious Copyright Fee: GBP5.40$c0$e01-apr-2010$fGBP5.40$g0$hC$5Uk
=ACF  \\$aPrevious Copyright Fee: GBP5.40$c0$e01-Jan-2010$fGBP5.40$g0$hC$5Uk
=ACF  \\$aPrevious Copyright Fee: GBP5.40$c0$e01-oct-2009$fGBP5.40$g0$hC$5Uk
=ACF  \\$aPrevious Copyright Fee: GBP6.43$c0$e01-jul-2009$fGBP6.43$g0$hC$5Uk
=ACF  \\$aPrevious Copyright Fee: GBP6.43$c0$e01-apr-2009$fGBP6.43$g0$hC$5Uk
=ACF  \\$aPrevious Copyright Fee: GBP5.63$c0$e01-jan-2009$fGBP5.63$g0$hC$5Uk
=ACF  \\$aPrevious Copyright Fee: GBP4.50$c0$e01-oct-2008$fGBP4.50$g0$hC$5Uk
=ACF  \\$aPrevious Copyright Fee: GBP4.50$c0$e01-jul-2008$fGBP4.50$g0$hC$5Uk
=ACF  \\$aPrevious Copyright Fee: GBP4.50$c0$e01-apr-2008$fGBP4.50$g0$hC$5Uk
=ACF  \\$aPrevious Copyright Fee: GBP4.50$c0$e01-jan-2008$fGBP4.50$g0$hC$5Uk
=ACF  \\$aPrevious Copyright Fee: GBP4.50$c0$e01-oct-2007$fGBP4.50$g0$hC$5Uk
=ACF  \\$aPrevious Copyright Fee: GBP17.58$c0$e01-jul-2012$fGBP17.58$g0$hC$5Uk
=ACF  \\$aPrevious Copyright Fee: GBP18.71$c0$e01-oct-2012$fGBP18.71$g0$hC$5Uk
=ACF  \\$aPrevious Copyright Fee: GBP18.13$c0$e01-jan-2013$fGBP18.13$g0$hC$5Uk
=ACF  \\$aPrevious Copyright Fee: GBP18.71$c0$e01-jul-2013$fGBP18.71$g0$hC$5Uk
=ACF  \\$aPrevious Copyright Fee: GBP17.40$c0$e01-oct-2013$fGBP17.40$g0$hC$5Uk
=ACF  \\$aPrevious Copyright Fee: GBP18.13$c0$e01-jan-2014$fGBP18.13$g0$hC$5Uk
=ACF  \\$aPrevious Copyright Fee: GBP17.58$c0$e01-jul-2014$fGBP17.58$g0$hC$5Uk
=ACF  \\$aPrevious Copyright Fee: GBP20.00$c0$e01-jan-2015$fGBP20.00$g0$hC$5Uk
=ACF  \\$aPrevious Copyright Fee: GBP22.00$c0$e01-apr-2015$fGBP22.00$g0$hC$5Uk
=ACF  \\$aPrevious Copyright Fee: GBP21.29$c0$e01-oct-2015$fGBP21.29$g0$hC$5Uk
=ACF  \\$aPrevious Copyright Fee: GBP22.76$c0$e01-apr-2016$fGBP22.76$g0$hC$5Uk
=ACF  \\$aPrevious Copyright Fee: GBP24.44$c0$e01-oct-2016$fGBP24.44$g0$hC$5Uk
=ACF  \\$aPrevious Copyright Fee: GBP26.40$c0$e01-apr-2017$fGBP26.40$g0$hC$5Uk
=ACF  \\$aPrevious Copyright Fee: GBP25.08$c0$e01-oct-2017$fGBP25.08$g0$hC$5Uk
=ACF  \\$aPrevious Copyright Fee: GBP25.38$c0$e01-jan-2018$fGBP25.38$g0$hC$5Uk
=ACF  \\$aPrevious Copyright Fee: GBP23.57$c0$e01-apr-2018$fGBP23.57$g0$hC$5Uk
=ACF  \\$aPrevious Copyright Fee: GBP25.38$c0$e01-oct-2018$fGBP25.38$g0$hC$5Uk
=ACF  \\$aPrevious Copyright Fee: GBP26.40$c0$e01-oct-2019$fGBP26.40$g0$hC$5Uk
=ACF  \\$aPrevious Copyright Fee: GBP25.38$c0$e01-apr-2020$fGBP25.38$g0$hC$5Uk
=ACF  \\$aPrevious Copyright Fee: GBP26.40$c0$e01-jul-2020$fGBP26.40$g0$hC$5Uk
=ACF  \\$aPrevious Copyright Fee: GBP24.53$c0$e01-apr-2021$fGBP24.53$g0$hC$5Uk
=ACF  \\$aPrevious Copyright Fee: GBP23.82$c0$e01-jul-2021$fGBP23.82$g0$hC$5Uk
=CAT  \\$aCONV$b00$c20040425$lBLL90$h0851
=CAT  \\$aIPL-CLA$c20160930$lBLL01$h1557
=CAT  \\$aBATCH-CLA$b00$c20170228$lBLL01$h1631
=CAT  \\$aIPL-CLA$c20170331$lBLL01$h1839
=CAT  \\$aBATCH-CLA$b00$c20170831$lBLL01$h1627
=CAT  \\$aIPL-CLA$c20170929$lBLL01$h1723
=CAT  \\$aBATCH-CLA$b00$c20171130$lBLL01$h1710
=CAT  \\$aIPL-CLA$c20171231$lBLL01$h1608
=CAT  \\$aBATCH-CLA$b00$c20180228$lBLL01$h1641
=CAT  \\$aIPL-CLA$c20180331$lBLL01$h1613
=CAT  \\$aBATCH-CLA$b00$c20180831$lBLL01$h1624
=CAT  \\$aIPL-CLA$c20180930$lBLL01$h1459
=CAT  \\$aBATCH-CLA$b00$c20190909$lBLL01$h1718
=CAT  \\$aIPL-CLA$c20190930$lBLL01$h1634
=CAT  \\$aBATCH-CLA$b00$c20200228$lBLL01$h1635
=CAT  \\$aIPL-CLA$c20200331$lBLL01$h1611
=CAT  \\$aBATCH-CLA$b00$c20200529$lBLL01$h1537
=CAT  \\$aIPL-CLA$c20200701$lBLL01$h0052
=CAT  \\$aBATCH-CLA$b00$c20210227$lBLL01$h1011
=CAT  \\$aIPL-CLA$c20210331$lBLL01$h1840
=CAT  \\$aBATCH-CLA$b00$c20210528$lBLL01$h1526
=CAT  \\$aIPL-CLA$c20210704$lBLL01$h1115
=CAT  \\$aBATCH-CLA$b00$c20210917$lBLL01$h1604
=CAT  \\$aIPL-CLA$c20210930$lBLL01$h1648
=CAT  \\$aBATCH-CLA$b00$c20211203$lBLL01$h0815
=CAT  \\$aIPL-CLA$c20211231$lBLL01$h1716
=CFI  0\$aCurrent Copyright Fee: GBP21.21$c0$e01-jan-2022$fGBP21.21$g0$hC$5Uk
=CFI  2\$aPrevious Copyright Fee: GBP23.42$c0$e01-oct-2021$fGBP23.42$g0$hC$5Uk
=FIN  \\$aY
=FMT  \\$a  SE
=LAS  \\$aIPL-CLA$b00$c20211231$lBLL01$h1716
=LEO  \\$aMP25.0000011206
=SRC  \\$aSRI01$bbibmp25.200404.2.aa
=TCO  \\$aTRS$bCCC$c008

