=LDR  03626 as a2200889 a 4500
=001  012101260
=003  Uk
=005  20101123083303.0
=007  ta
=008  830517d19751982enkqr\p\\\\\\\0\\\a0eng\\
=019  0\$as087164019
=022  0\$a0263-7820$202
=040  \\$aUk$cUk$dUk
=042  \\$aissnuk
=084  \\$aDQ 90$2blsrissc
=084  \\$aDR 15$2blsrissc
=210  0\$aAMJ gard. equip. q.
=222  \0$aAMJ garden equipment quarterly
=245  00$aAMJ garden equipment quarterly.
=246  30$aGarden equipment quarterly
=260  \\$aSutton, Surrey :$bIPC Agricultural Press,$c1975-1982.
=300  \\$av. :$bill. ;$c27 cm.
=310  \\$aQuarterly
=336  \\$atext$2rdacontent
=337  \\$aunmediated$2rdamedia
=338  \\$avolume$2rdacarrier
=362  0\$aNo. 1 (1975)-autumn 1982.
=515  \\$aMarch 1976, March 1981 and Sept. 1982 all numbered no.3.
=540  \\$aCurrent copyright fee: GBP12.00$c0$5Uk
=650  \0$aGardening$xEquipment and supplies$vPeriodicals.
=650  \0$aHorticultural machinery$vPeriodicals.
=772  0\$tAMJ. Agricultural machinery journal$x0002-1539
=785  00$tGarden equipment review$x0950-6497
=852  49$aBritish Library$bDSC$3See SEE 0750.350000
=852  71$aBritish Library$bSTI$k(P)$hDQ 90$m-E(7)$2blsrissc$3No. 1 (1975)-autumn 1982***Bound with Agricultural machinery journal
=ACF  \\$aPrevious Copyright Fee: GBP9.00$c0$e01-oct-2010$fGBP9.00$g0$hC$5Uk
=ACF  \\$aPrevious Copyright Fee: GBP9.00$c0$e01-jul-2010$fGBP9.00$g0$hC$5Uk
=ACF  \\$aPrevious Copyright Fee: GBP9.00$c0$e01-apr-2010$fGBP9.00$g0$hC$5Uk
=ACF  \\$aPrevious Copyright Fee: GBP9.00$c0$e01-Jan-2010$fGBP9.00$g0$hC$5Uk
=ACF  \\$aPrevious Copyright Fee: GBP6.00$c0$e01-oct-2009$fGBP6.00$g0$hC$5Uk
=CAT  \\$aCONV$b00$c20040425$lBLL90$h0851
=CAT  \\$aBATCH-CLA$b00$c20090828$lBLL01$h1519
=CAT  \\$aBATCH-UPD$b00$c20090930$lBLL01$h2159
=CAT  \\$aBATCH$b00$c20090930$lBLL01$h2222
=CAT  \\$aBATCH$b00$c20091123$lBLL01$h0103
=CAT  \\$aBATCH-CLA$b00$c20091130$lBLL01$h1627
=CAT  \\$aBATCH-UPD$b00$c20091231$lBLL01$h1805
=CAT  \\$aBATCH-UPD$b00$c20091231$lBLL01$h1828
=CAT  \\$aBATCH$b00$c20091231$lBLL01$h1848
=CAT  \\$aBATCH-CLA$b00$c20100224$lBLL01$h1214
=CAT  \\$aBATCH-UPD$b00$c20100331$lBLL01$h2315
=CAT  \\$aBATCH-UPD$b00$c20100401$lBLL01$h0236
=CAT  \\$aBATCH$b00$c20100401$lBLL01$h0539
=CAT  \\$aBATCH$b00$c20100401$lBLL01$h1610
=CAT  \\$aBATCH-CLA$b00$c20100602$lBLL01$h1415
=CAT  \\$aBATCH-UPD$b00$c20100630$lBLL01$h1929
=CAT  \\$aBATCH-UPD$b00$c20100630$lBLL01$h1959
=CAT  \\$aIPL-CLA$c20100630$lBLL01$h2026
=CAT  \\$aBATCH-CLA$b00$c20100831$lBLL01$h1542
=CAT  \\$aIPL-CLA$c20100930$lBLL01$h1521
=CAT  \\$aBATCH-CLA$b00$c20101115$lBLL01$h1608
=CAT  \\$a6537$b40$c20101123$lBLL01$h0833
=CAT  \\$aIPL-CLA$c20101231$lBLL01$h1451
=CAT  \\$aWR11_203$c20111205$lBLL01$h1158
=CAT  \\$aIPL-CLA$c20111230$lBLL01$h1957
=CAT  \\$aBATCH-CLA$b00$c20121109$lBLL01$h1741
=CFI  0\$aCurrent copyright fee: GBP12.00$c0$e01-jan-2012$fGBP12.00$g0$hC$5Uk
=CFI  2\$aPrevious Copyright Fee: GBP10.50$c0$e01-jan-2011$fGBP10.50$g0$hC$5Uk
=FIN  \\$aY
=FMT  \\$a  SE
=LAS  \\$aBATCH-CLA$b00$c20121109$lBLL01$h1741
=LEO  \\$aMP22.0000011660
=LEO  \\$aMP25.0000011363
=LKR  \\$aPAR$b012101259$lBLL01$r772$mAMJ garden equipment quarterly$nAMJ. Agricultural machinery journal
=SRC  \\$aISN01$bbibmp22.200404.2.aa
=SRC  \\$aSRI01$bbibmp25.200404.2.aa
=TCO  \\$aCLA$bCLA$c008

