=LDR  04729cas a22010577a 4500
=001  012101480
=003  Uk
=005  20221231203621.0
=007  ta
=008  790424d19551995gw\mr\p|||\\\|0\\\b0ger\\
=019  0\$as088008010
=022  \\$a0027-707X
=040  \\$aUk$cUk$dUk
=084  \\$aRQ 95$2blsrissc
=210  0\$aNTZ Nachrichtentech. Z.
=222  \0$aNTZ. Nachrichtentechnische Zeitschrift
=245  00$aNTZ :$bNachrichtentechnische Zeitschrift.
=246  30$aNachrichtentechnische Zeitschrift
=246  31$aNTZ-Communications journal$fJuly 1968-Dec. 1978
=260  \\$aBerlin :$bVDE-Verlag,$c1955-1995.
=300  \\$av. :$bill. ;$c30 cm.
=310  \\$aMonthly
=336  \\$atext$2rdacontent
=337  \\$aunmediated$2rdamedia
=338  \\$avolume$2rdacarrier
=362  0\$a8. Jahrg., Heft 10 (Okt. 1955)-
=500  \\$aContains abstracts.
=500  \\$aPublished for Nachrichtentechnische Gesellschaft im VDE.
=515  \\$aJahrg. numbering also given as Band numbering.
=525  \\$a1972- includes supplement NTZ-Kurier.
=540  \\$aCurrent Copyright Fee: GBP25.00$c0$5Uk
=546  \\$aIn German only, Oct. 1955- ; in English and German, -
=550  \\$aOrgan of Nachrichtentechnische Gesellschaft.
=555  \\$aIndex for 1955-1957 included in v. 11 of NTF; nachrichtentechnische Fachberichte.
=580  \\$aFor English edition of Jahrg. 14-Jahrg. 21, Heft 6 see "NTZ-communications journal", q.v.
=650  \0$aTelecommunication$vPeriodicals.
=710  2\$aNachrichtentechnische Gesellschaft im VDE.
=710  2\$aNachrichtentechnische Gesellschaft.
=780  00$tFTZ : Fernmeldetechnische Zeitschrift
=780  05$tNTZ-Communications journal
=785  00$tNTZ (Berlin)$x0948-728X
=852  49$aBritish Library$bDSC$3See shelfmark 6011.300000 for vg. 9, 1956-
=852  71$aBritish Library$bSTI$k(P)$hRQ 95$m-G(6)$2blsrissc$3Jahrg.8, Heft 10, 1955-Jahrg.48, Heft 6, 1995 ; Deficient: Jahrg.44, Nr.7, 1991
=ACF  \\$aPrevious Copyright Fee: GBP8.57$c0$e01-jul-2009$fGBP8.57$g0$hC$5Uk
=ACF  \\$aPrevious Copyright Fee: GBP8.57$c0$e01-apr-2009$fGBP8.57$g0$hC$5Uk
=ACF  \\$aPrevious Copyright Fee: GBP7.50$c0$e01-jan-2009$fGBP7.50$g0$hC$5Uk
=ACF  \\$aPrevious Copyright Fee: GBP6.00$c0$e01-oct-2008$fGBP6.00$g0$hC$5Uk
=ACF  \\$aPrevious Copyright Fee: GBP6.00$c0$e01-jul-2008$fGBP6.00$g0$hC$5Uk
=ACF  \\$aPrevious Copyright Fee: GBP6.00$c0$e01-apr-2008$fGBP6.00$g0$hC$5Uk
=ACF  \\$aPrevious Copyright Fee: GBP6.00$c0$e01-jan-2008$fGBP6.00$g0$hC$5Uk
=ACF  \\$aPrevious copyright fee: GBP10.50$c0$e01-jan-2011$fGBP10.50$g0$hA$5Uk
=ACF  \\$aPrevious copyright fee: GBP12.00$c0$e01-jan-2012$fGBP12.00$g0$hA$5Uk
=ACF  \\$aPrevious Copyright Fee: GBP12.30$c0$e01-jan-2014$fGBP12.30$g0$hA$5Uk
=ACF  \\$aPrevious Copyright Fee: GBP15.00$c0$e01-jan-2017$fGBP15.00$g0$hA$5Uk
=ACF  \\$aPrevious Copyright Fee: GBP17.50$c0$e01-jan-2018$fGBP17.50$g0$hA$5Uk
=ACF  \\$aPrevious Copyright Fee: GBP20.00$c0$e01-jan-2020$fGBP20.00$g0$hA$5Uk
=CAT  \\$aCONV$b00$c20040425$lBLL90$h0851
=CAT  \\$aBATCH-UPD$b00$c20090401$lBLL01$h0034
=CAT  \\$aBATCH$b00$c20090401$lBLL01$h0204
=CAT  \\$aBATCH-CLA$b00$c20090529$lBLL01$h1711
=CAT  \\$aBATCH-UPD$b00$c20090701$lBLL01$h2009
=CAT  \\$aBATCH-UPD$b00$c20090701$lBLL01$h2039
=CAT  \\$aBATCH$b00$c20090701$lBLL01$h2100
=CAT  \\$aBATCH$b00$c20091210$lBLL01$h0649
=CAT  \\$aBATCH-UPD$b00$c20101201$lBLL01$h1244
=CAT  \\$aIPL-CLA$c20101231$lBLL01$h1451
=CAT  \\$aWR11_203$c20111204$lBLL01$h1455
=CAT  \\$aIPL-CLA$c20111230$lBLL01$h1957
=CAT  \\$aBATCH-CLA$b00$c20121109$lBLL01$h1741
=CAT  \\$aBATCH-CLA$c20131220$lBLL01$h2002
=CAT  \\$aIPL-CLA$c20131231$lBLL01$h2300
=CAT  \\$aBATCH-CLA$b00$c20161222$lBLL01$h1755
=CAT  \\$aIPL-CLA$c20161230$lBLL01$h2054
=CAT  \\$aBATCH-CLA$b00$c20171222$lBLL01$h2113
=CAT  \\$aIPL-CLA$c20171231$lBLL01$h1608
=CAT  \\$aBATCH-CLA$b00$c20191219$lBLL01$h1723
=CAT  \\$aIPL-CLA$c20191231$lBLL01$h1911
=CAT  \\$aR2001-1524$c20200127$lBLL01$h1958
=CAT  \\$aBATCH-CLA$b00$c20201204$lBLL01$h1522
=CAT  \\$aIPL-CLA$c20201231$lBLL01$h2132
=CAT  \\$aBATCH-CLA$b00$c20221221$lBLL01$h1830
=CAT  \\$aIPL-CLA$c20221231$lBLL01$h2036
=CFI  0\$aCurrent Copyright Fee: GBP25.00$c0$e01-jan-2023$fGBP25.00$g0$hA$5Uk
=CFI  2\$aPrevious Copyright Fee: GBP22.50$c0$e01-jan-2021$fGBP22.50$g0$hA$5Uk
=FIN  \\$aY
=FMT  \\$a  SE
=LAS  \\$aIPL-CLA$b00$c20221231$lBLL01$h2036
=LEO  \\$aMP25.0000011599
=SID  \\$aZ39$bOCLC
=SRC  \\$aSRI01$bbibmp25.200404.2.aa
=TCO  \\$aDEU$bVG WORT$c008

