=LDR  04112 as a2200949 a 4500
=001  012103240
=003  Uk
=005  20100302153450.0
=007  ta
=008  840221d19501957sw\\|\m\\\\\\\0\\\b0eng\\
=019  0\$as094507007
=019  c\$a2013536
=022  0\$a0365-5628
=040  \\$aUk$cUk$dUk
=082  04$a621.05$222
=084  \\$aST 00$2blsrissc
=084  \\$aSC 20$2blsrissc
=210  0\$aActa polytech., Mech. eng. ser.
=222  \0$aActa polytechnica. Mechanical engineering series
=245  00$aActa polytechnica.$pMechanical engineering series.
=246  3\$aMechanical engineering series
=260  \\$aStockholm :$bRoyal Swedish Academy of Engineering Sciences,$c1950-1957.
=300  \\$c25 cm.
=336  \\$atext$2rdacontent
=337  \\$aunmediated$2rdamedia
=338  \\$avolume$2rdacarrier
=500  \\$aSome issues published in Copenhagen by ATV (Denmarks Academy of Technical Sciences)
=540  \\$aBritish Library not licensed to copy$c0$5Uk
=595  \\$aFor DSC stock SEE 0661.0 AND SERIAL RECORDS USC AND SHIRL.
=650  \0$aMechanical engineering$vPeriodicals.
=710  2\$aIngenjörsvetenskapsakademien (Sweden)
=710  2\$aAkademiet for de tekniske videnskaber (Denmark)
=785  00$aActa polytechnica Scandinavica. Mechanical engineering series$x0001-687X
=852  49$aBritish Library$bDSC$3See shelfmark 0661.000000
=852  71$aBritish Library$bSTI$k(P)$hST 00$m-E(21)$2blsrissc$3Vol.1, nr.10, 1950- vol.3, nr.11, 1957
=985  \\$aRecord merged by DQ team
=ACF  \\$aBritish Library not licensed to copy$c0$e01-apr-2012$hC$iCLA Excluded$5Uk
=ACF  \\$aBritish Library not licensed to copy$c0$e01-jan-2012$hC$iCLA Excluded$5Uk
=ACF  \\$aBritish Library not licensed to copy$c0$e01-oct-2011$hC$iCLA Excluded$5Uk
=ACF  \\$aPrevious copyright fee: GBP10.50$c0$e01-jan-2011$fGBP10.50$g0$hA$5Uk
=ACF  \\$aPrevious Copyright Fee: GBP1.60$c0$e01-oct-2008$fGBP1.60$g0$hC$5Uk
=ACF  \\$aCurrent copyright fee: GBP4.40$c0$e01-jul-1998$fGBP4.40$g0$hA$5Uk
=ACF  \\$aCurrent copyright fee: GBP4.20$c0$e01-apr-1997$fGBP4.20$g0$hA$5Uk
=ACF  \\$aBritish Library not licensed to copy$c0$e01-jul-2012$hC$iCLA Excluded$5Uk
=ACF  \\$aBritish Library not licensed to copy$c0$e01-oct-2012$hC$iCFP Excluded$5Uk
=ACF  \\$aBritish Library not licensed to copy$c0$e01-jan-2013$hC$iCFP Excluded$5Uk
=CAT  \\$aCONV$b00$c20040425$lBLL90$h0851
=CAT  \\$aBATCH$b00$c20081001$lBLL01$h0119
=CAT  \\$aBATCH$b00$c20091210$lBLL01$h0650
=CAT  \\$a8201$b40$c20100302$lBLL01$h1534
=CAT  \\$aBATCH-UPD$b40$c20101201$lBLL01$h1244
=CAT  \\$aIPL-CLA$c20101231$lBLL01$h1451
=CAT  \\$aBATCH-CLA$b00$c20110831$lBLL01$h1801
=CAT  \\$aIPL-CLA$c20110930$lBLL01$h1542
=CAT  \\$aBATCH-CLA$b00$c20111130$lBLL01$h1156
=CAT  \\$aIPL-CLA$c20111230$lBLL01$h1957
=CAT  \\$aBATCH-CLA$b00$c20120229$lBLL01$h1557
=CAT  \\$aIPL-CLA$c20120330$lBLL01$h1429
=CAT  \\$aBATCH-CLA$b00$c20120531$lBLL01$h1718
=CAT  \\$aIPL-CLA$c20120629$lBLL01$h1027
=CAT  \\$aBATCH-CLA$b00$c20120831$lBLL01$h1545
=CAT  \\$aIPL-CLA$c20120930$lBLL01$h2110
=CAT  \\$aBATCH-CLA$b00$c20121109$lBLL01$h1741
=CAT  \\$aWR12_128$c20121113$lBLL01$h1833
=CAT  \\$aBATCH-CLA$b00$c20121130$lBLL01$h1238
=CAT  \\$aIPL-CLA$c20121231$lBLL01$h1306
=CAT  \\$aIPL-CLA$c20130102$lBLL01$h1721
=CAT  \\$aBATCH-CLA$b00$c20130228$lBLL01$h1706
=CAT  \\$aIPL-CLA$c20130331$lBLL01$h1052
=CAT  \\$a540_fix$c20130403$lBLL01$h2012
=CAT  \\$aBATCH-CLA$b00$c20130531$lBLL01$h1644
=CAT  \\$aIPL-CLA$c20130701$lBLL01$h0036
=CFI  0\$aBritish Library not licensed to copy$c0$e01-jul-2013$hC$iCFP Excluded$5Uk
=CFI  2\$aBritish Library not licensed to copy$c0$e01-apr-2013$hC$iCFP Excluded$5Uk
=FIN  \\$aY
=FMT  \\$a  SE
=LAS  \\$aIPL-CLA$b00$c20130701$lBLL01$h0036
=LEO  \\$aMP25.0000013593
=LEO  \\$aMP10.0000030738
=SRC  \\$aDSS01$bbibmp10.200404.2.aa
=SRC  \\$aSRI01$bbibmp25.200404.2.aa
=TCO  \\$aXXX$c008

