=LDR  03977 as a2200901 a 4500
=001  012103243
=003  Uk
=005  20100302145139.0
=007  ta
=008  860708d19461957vp\uu\p\\\\\\\0\\\a0eng\\
=019  0\$as09450900x
=019  c\$a2013535
=022  \\$a0375-8400
=040  \\$aUk$cUk$dUk
=082  04$a621.305$222
=084  \\$aRC 00$2blsrissc
=210  0\$aActa polytech., Electr. eng. ser.
=222  \0$aActa polytechnica. Electrical engineering series.
=245  00$aActa polytechnica.$pElectrical engineering series.
=260  \\$aStockholm :$bRoyal Swedish Academy of Engineering Sciences,$c1946-1957.
=300  \\$c25 cm.
=336  \\$atext$2rdacontent
=337  \\$aunmediated$2rdamedia
=338  \\$avolume$2rdacarrier
=362  0\$aVol. 1 (1947/1948)-v. 8 (1957).
=500  \\$aFrom 1954 only those issues taken which are not held elsewhere in the library.
=500  \\$aSome issues are published in Copenhagen by the Academy of Technical Sciences.
=540  \\$aBritish Library not licensed to copy$c0$5Uk
=650  \0$aElectrical engineering$vPeriodicals.
=710  2\$aIngenjörsvetenskapsakademien (Sweden)
=710  2\$aAkademiet for de tekniske videnskaber.
=785  00$tActa polytechnica Scandinavica. Electrical engineering series$x0001-6845
=852  49$aBritish Library$bDSC$3See shelfmark 0661.000000
=852  71$aBritish Library$bSTI$k(P)$hRC 00$m-E(7)$2blsrissc$31950-1957; Vol.2, nr.8-vol.8, nr.7.
=985  \\$aRecord merged by DQ team
=ACF  \\$aBritish Library not licensed to copy$c0$e01-apr-2012$hC$iCLA Excluded$5Uk
=ACF  \\$aBritish Library not licensed to copy$c0$e01-jan-2012$hC$iCLA Excluded$5Uk
=ACF  \\$aBritish Library not licensed to copy$c0$e01-oct-2011$hC$iCLA Excluded$5Uk
=ACF  \\$aCurrent copyright fee: GBP4.40$c0$e01-jul-1998$fGBP4.40$g0$hA$5Uk
=ACF  \\$aCurrent copyright fee: GBP4.20$c0$e01-apr-1997$fGBP4.20$g0$hA$5Uk
=ACF  \\$aBritish Library not licensed to copy$c0$e01-jul-2012$hC$iCLA Excluded$5Uk
=ACF  \\$aBritish Library not licensed to copy$c0$e01-oct-2012$hC$iCFP Excluded$5Uk
=ACF  \\$aBritish Library not licensed to copy$c0$e01-jan-2013$hC$iCFP Excluded$5Uk
=CAT  \\$aCONV$b00$c20040425$lBLL90$h0851
=CAT  \\$aCONV$b00$c20040502$lBLL01$h1456
=CAT  \\$aBATCH$b00$c20091123$lBLL01$h0103
=CAT  \\$a8201$b40$c20100302$lBLL01$h1451
=CAT  \\$aBATCH-CLA$b00$c20110831$lBLL01$h1802
=CAT  \\$aIPL-CLA$c20110930$lBLL01$h1542
=CAT  \\$aBATCH-CLA$b00$c20111130$lBLL01$h1153
=CAT  \\$aIPL-CLA$c20111230$lBLL01$h1957
=CAT  \\$aBATCH-CLA$b00$c20120229$lBLL01$h1558
=CAT  \\$aIPL-CLA$c20120330$lBLL01$h1429
=CAT  \\$aBATCH-CLA$b00$c20120531$lBLL01$h1717
=CAT  \\$aIPL-CLA$c20120629$lBLL01$h1027
=CAT  \\$aBATCH-CLA$b00$c20120831$lBLL01$h1544
=CAT  \\$aIPL-CLA$c20120930$lBLL01$h2110
=CAT  \\$aBATCH-CLA$b00$c20121109$lBLL01$h1741
=CAT  \\$aWR12_128$c20121113$lBLL01$h1833
=CAT  \\$aBATCH-CLA$b00$c20121130$lBLL01$h1238
=CAT  \\$aIPL-CLA$c20121231$lBLL01$h1306
=CAT  \\$aIPL-CLA$c20130102$lBLL01$h1721
=CAT  \\$aBATCH-CLA$b00$c20130228$lBLL01$h1706
=CAT  \\$aIPL-CLA$c20130331$lBLL01$h1052
=CAT  \\$a540_fix$c20130403$lBLL01$h2012
=CAT  \\$aBATCH-CLA$b00$c20130531$lBLL01$h1649
=CAT  \\$aIPL-CLA$c20130701$lBLL01$h0036
=CFI  0\$aBritish Library not licensed to copy$c0$e01-jul-2013$hC$iCFP Excluded$5Uk
=CFI  2\$aBritish Library not licensed to copy$c0$e01-apr-2013$hC$iCFP Excluded$5Uk
=FIN  \\$aY
=FMT  \\$a  SE
=LAS  \\$aIPL-CLA$b00$c20130701$lBLL01$h0036
=LEO  \\$aMP10.0000030737
=LEO  \\$aMP25.0000013596
=LKR  \\$aPAR$b009185533$lBLL01$r78500$mActa polytechnica. Electrical engineering series.$nActa polytechnica Scandinavica. Electrical engineering series
=SRC  \\$aDSS01$bbibmp10.200404.2.aa
=SRC  \\$aSRI01$bbibmp25.200404.2.aa
=TCO  \\$aXXX$c008

