=LDR  01991 as a2200553 a 4500
=001  012103491
=003  Uk
=005  20071206115403.0
=007  ta
=008  850423d19511953it\b|\p\\\\\\\0\\\b0mul\\
=019  0\$as09485601x
=019  0\$as094856001
=022  0\$a0036-889X
=040  \\$aUk$cUk$dUk
=084  \\$aHR 253$2blsrissc
=130  0\$aScienza e tecnica lattiero casearia (1951)
=210  0\$aSci. tec. latt.-casearia$b(1951)
=222  \0$aScienza e tecnica lattiero-casearia$b(1951)
=245  00$aScienza tecnica lattiero-casearia.
=260  \\$aParma :$bAssociazione italiana tecnici del latte,$c1951-1953.
=300  \\$c25 cm.
=336  \\$atext$2rdacontent
=337  \\$aunmediated$2rdamedia
=338  \\$avolume$2rdacarrier
=500  \\$aJournal of the Italian Dairy Science Association.
=546  \\$aSome articles have English translations or summaries.
=650  \0$aDairy products$vPeriodicals.
=650  \0$aDairying$vPeriodicals.
=710  2\$aAssociazione italiana tecnici del latte.
=785  00$tBollettino dell'Associazione italiana tecnici del latte$x0390-637X
=852  71$aBritish Library$bSTI$k(P)$hHR 253$m-F(5)$2blsrissc$3Vol.1; anno 2, 1951-anno 3, 1953
=852  49$aBritish Library$bDSC$3See shelfmark 8205.135000 for stock 1951-1953
=886  2\$2blmarc$a029$b00$aS09485601X
=886  2\$2blmarc$a029$b00$aS094856001$aS094856028
=945  \\$aScienza e tecnica lattiero casearia.
=985  \\$a710 not on either BLL10 or BLL12
=985  \\$aRecord merged by DQ team
=CAT  \\$aCONV$b00$c20040425$lBLL90$h0851
=CAT  \\$aCONV$b00$c20040502$lBLL01$h1456
=CAT  \\$a8456$b40$c20071206$lBLL01$h1154
=CAT  \\$aBATCH$b00$c20091210$lBLL01$h0650
=CAT  \\$aWR13.005$c20130323$lBLL01$h1317
=FIN  \\$aY
=FMT  \\$a  SE
=LAS  \\$aWR13.005$b00$c20130323$lBLL01$h1317
=LEO  \\$aMP25.0000013857
=LEO  \\$aMP25.0000013858
=SRC  \\$aSRI01$bbibmp25.200404.2.aa
=TCO  \\$aITA$bAIDRO / SIAE$c008

