=LDR  05232cas a2201105 a 4500
=001  012104522
=003  Uk
=005  20221231203633.0
=007  ta
=008  830315d19641982fr\bx\p\\\\\\\0\\\b0fre\\
=019  0\$as096813016
=022  0\$a0020-2339
=040  \\$aUk$cUk$dUk
=082  0\$a530/.05$219
=084  \\$aPQ 65$2blsrissc
=110  2\$aInstitut Henri Poincaré.
=210  0\$aAnn. Inst. Henri Poincaré A
=222  \0$aAnnales de l'Institut Henri Poincaré. Section A. Physique théorique
=245  10$aAnnales de l'Institut Henri Poincaré.$nSection A.$pPhysique théorique.
=246  30$aPhysique théorique
=260  \\$aParis :$bGauthier-Villars,$c1964-1982.
=300  \\$av. ;$c25 cm.
=310  \\$aEight issues a year
=336  \\$atext$2rdacontent
=337  \\$aunmediated$2rdamedia
=338  \\$avolume$2rdacarrier
=362  0\$anouv. sér., v. 1- 1964-
=362  1\$aCeased with v. 37 in 1982.
=540  \\$aCurrent Copyright Fee: GBP25.00$c0$5Uk
=650  \0$aPhysics$vPeriodicals.
=780  03$aInstitut Henri Poincaré.$tAnnales de l'Institut Henri Poincaré$x0365-320X
=785  00$tAnnales de l'I.H.P. Physique théorique$x0246-0211
=852  49$aBritish Library$bDSC$3See shelfmark 0921.320300
=852  71$aBritish Library$bSTI$k(P)$hPQ 65$m-F(4)$2blsrissc$3Vol. 1 (1971)-v. 71 (1999)***UKRR Retained Title***Deficient: Vol.18-23, 1973-75
=968  \\$aC
=ACF  \\$aPrevious Copyright Fee: GBP2.00$c0$e01-jul-2009$fGBP2.00$g0$hC$5Uk
=ACF  \\$aPrevious Copyright Fee: GBP2.00$c0$e01-apr-2009$fGBP2.00$g0$hC$5Uk
=ACF  \\$aPrevious Copyright Fee: GBP1.75$c0$e01-jan-2009$fGBP1.75$g0$hC$5Uk
=ACF  \\$aPrevious Copyright Fee: GBP16.00$c0$e01-oct-2008$fGBP16.00$g0$hC$5Uk
=ACF  \\$aPrevious Copyright Fee: GBP1.40$c0$e01-jul-2008$fGBP1.40$g0$hC$5Uk
=ACF  \\$aPrevious Copyright Fee: GBP1.40$c0$e01-apr-2008$fGBP1.40$g0$hC$5Uk
=ACF  \\$aPrevious Copyright Fee: GBP1.40$c0$e01-jan-2008$fGBP1.40$g0$hC$5Uk
=ACF  \\$aPrevious Copyright Fee: GBP1.40$c0$e01-oct-2007$fGBP1.40$g0$hC$5Uk
=ACF  \\$aPrevious Copyright Fee: GBP1.40$c0$e01-jul-2007$fGBP1.40$g0$hC$5Uk
=ACF  \\$aPrevious Copyright Fee: GBP1.44$c0$e01-apr-2007$fGBP1.44$g0$hC$5Uk
=ACF  \\$aPrevious Copyright Fee: GBP1.51$c0$e01-jan-2007$fGBP1.51$g0$hC$5Uk
=ACF  \\$aPrevious Copyright Fee: GBP1.51$c0$e01-oct-2006$fGBP1.51$g0$hC$5Uk
=ACF  \\$aPrevious Copyright Fee: GBP1.60$c0$e01-jul-2006$fGBP1.60$g0$hC$5Uk
=ACF  \\$aPrevious Copyright Fee: GBP1.60$c0$e01-apr-2006$fGBP1.60$g0$hC$5Uk
=ACF  \\$aPrevious Copyright Fee: GBP1.56$c0$e01-jan-2006$fGBP1.56$g0$hC$5Uk
=ACF  \\$aPrevious Copyright Fee: GBP1.51$c0$e01-oct-2005$fGBP1.51$g0$hC$5Uk
=ACF  \\$aPrevious Copyright Fee: GBP1.51$c0$e01-jul-2005$fGBP1.51$g0$hC$5Uk
=ACF  \\$aPrevious Copyright Fee: GBP1.51$c0$e01-apr-2005$fGBP1.51$g0$hC$5Uk
=ACF  \\$aPrevious Copyright Fee: GBP1.56$c0$e01-jan-2005$fGBP1.56$g0$hC$5Uk
=ACF  \\$aPrevious Copyright Fee: GBP1.51$c0$e01-oct-2004$fGBP1.51$g0$hC$5Uk
=ACF  \\$aPrevious copyright fee: GBP10.50$c0$e01-jan-2011$fGBP10.50$g0$hA$5Uk
=ACF  \\$aPrevious copyright fee: GBP12.00$c0$e01-jan-2012$fGBP12.00$g0$hA$5Uk
=ACF  \\$aPrevious Copyright Fee: GBP12.30$c0$e01-jan-2014$fGBP12.30$g0$hA$5Uk
=ACF  \\$aPrevious Copyright Fee: GBP15.00$c0$e01-jan-2017$fGBP15.00$g0$hA$5Uk
=ACF  \\$aPrevious Copyright Fee: GBP17.50$c0$e01-jan-2018$fGBP17.50$g0$hA$5Uk
=ACF  \\$aPrevious Copyright Fee: GBP20.00$c0$e01-jan-2020$fGBP20.00$g0$hA$5Uk
=CAT  \\$aCONV$b00$c20040425$lBLL90$h0851
=CAT  \\$aBATCH$b00$c20090401$lBLL01$h0204
=CAT  \\$aBATCH-CLA$b00$c20090529$lBLL01$h1728
=CAT  \\$aBATCH-UPD$b00$c20090701$lBLL01$h2009
=CAT  \\$aBATCH-UPD$b00$c20090701$lBLL01$h2039
=CAT  \\$aBATCH$b00$c20090701$lBLL01$h2100
=CAT  \\$aBATCH$b00$c20091123$lBLL01$h0104
=CAT  \\$a8201$b40$c20100311$lBLL01$h0946
=CAT  \\$aBATCH-UPD$b40$c20101201$lBLL01$h1244
=CAT  \\$aIPL-CLA$c20101231$lBLL01$h1451
=CAT  \\$aWR11_203$c20111204$lBLL01$h1455
=CAT  \\$aIPL-CLA$c20111230$lBLL01$h1957
=CAT  \\$aBATCH-CLA$b00$c20121109$lBLL01$h1741
=CAT  \\$aBATCH-CLA$c20131220$lBLL01$h2002
=CAT  \\$aIPL-CLA$c20131231$lBLL01$h2300
=CAT  \\$aBATCH-CLA$b00$c20161222$lBLL01$h1755
=CAT  \\$aIPL-CLA$c20161230$lBLL01$h2054
=CAT  \\$aBATCH-CLA$b00$c20171222$lBLL01$h2113
=CAT  \\$aIPL-CLA$c20171231$lBLL01$h1609
=CAT  \\$aBATCH-CLA$b00$c20191219$lBLL01$h1723
=CAT  \\$aIPL-CLA$c20191231$lBLL01$h1911
=CAT  \\$aR2001-1524$c20200127$lBLL01$h1958
=CAT  \\$aBATCH-CLA$b00$c20201204$lBLL01$h1523
=CAT  \\$aIPL-CLA$c20201231$lBLL01$h2132
=CAT  \\$aBATCH-CLA$b00$c20221221$lBLL01$h1830
=CAT  \\$aIPL-CLA$c20221231$lBLL01$h2036
=CFI  0\$aCurrent Copyright Fee: GBP25.00$c0$e01-jan-2023$fGBP25.00$g0$hA$5Uk
=CFI  2\$aPrevious Copyright Fee: GBP22.50$c0$e01-jan-2021$fGBP22.50$g0$hA$5Uk
=FIN  \\$aY
=FMT  \\$a  SE
=LAS  \\$aIPL-CLA$b00$c20221231$lBLL01$h2036
=LEO  \\$aMP25.0000015097
=SRC  \\$aSRI01$bbibmp25.200404.2.aa
=TCO  \\$aFRA$bCFC$c008

