=LDR  06274cas a2201309 a 4500
=001  012109530
=003  Uk
=005  20230210005935.0
=007  ta
=008  791120d19791984enkmr\p\\\\\\\0\\\a0eng\\
=019  0\$as501564004
=022  0\$a0143-3628$202
=040  \\$aUk$cUk$dUk
=042  \\$aissnuk
=082  04$a618.97$221
=084  \\$aGT 13$2blsrissc
=130  0\$aGeriatric medicine (1979)
=210  0\$aGeriatr. med.$b(Beckenham, 1979)
=222  \0$aGeriatric medicine$b(Beckenham. 1979)
=245  00$aGeriatric medicine.
=246  03$aGeriatric medicine (London. 1979)
=260  \\$aLondon :$bMaclean-Hunter Ltd.
=300  \\$a6 v.$bill., ports.
=310  \\$aMonthly
=336  \\$atext$2rdacontent
=337  \\$aunmediated$2rdamedia
=338  \\$avolume$2rdacarrier
=362  0\$av. [9, no. 4]- Apr. 1979-
=362  1\$aCeased with v. 14, no. 7, July/Aug. 1984.
=515  \\$aIssue for Apr. 1979 has no vol. numbering but constitutes v. 9, no. 4.
=540  \\$aCurrent Copyright Fee: GBP25.00$c0$5Uk
=580  \\$aContinuation of "Modern geriatrics," q.v.
=580  \\$aVol.14, no.9-12, 1984 entitled "Geriatrics for GPs", q.v.
=650  \0$aGeriatrics$vPeriodicals.
=780  00$tModern geriatrics$x0026-7783
=785  00$tGeriatrics for GPs$x0267-8675
=852  49$aBritish Library$bDSC$3See shelfmark 4161.690000 for April 1979-Vol. 14(7/8), 1984
=852  71$aBritish Library$bSTI$k(P)$hGT 13$m-E(6)$2blsrissc$31979- ; Vol.9, no.4- ; Set incomplete
=886  2\$2blmarc$a029$b00$aS501564020$aS501564012
=985  \\$aRecord merged by DQ team
=ACF  \\$aPrevious Copyright Fee: GBP12.00$c0$e01-apr-2012$fGBP12.00$g0$hC$5Uk
=ACF  \\$aPrevious Copyright Fee: GBP12.00$c0$e01-jan-2012$fGBP12.00$g0$hC$5Uk
=ACF  \\$aPrevious Copyright Fee: GBP10.50$c0$e01-oct-2011$fGBP10.50$g0$hC$5Uk
=ACF  \\$aPrevious Copyright Fee: GBP10.50$c0$e01-jul-2011$fGBP10.50$g0$hC$5Uk
=ACF  \\$aPrevious Copyright Fee: GBP10.50$c0$e01-apr-2011$fGBP10.50$g0$hC$5Uk
=ACF  \\$aPrevious copyright fee: GBP10.50$c0$e01-jan-2011$fGBP10.50$g0$hA$5Uk
=ACF  \\$aPrevious Copyright Fee: GBP3.57$c0$e01-jul-2009$fGBP3.57$g0$hC$5Uk
=ACF  \\$aPrevious Copyright Fee: GBP3.57$c0$e01-apr-2009$fGBP3.57$g0$hC$5Uk
=ACF  \\$aPrevious Copyright Fee: GBP3.13$c0$e01-jan-2009$fGBP3.13$g0$hC$5Uk
=ACF  \\$aPrevious Copyright Fee: GBP6.00$c0$e01-oct-2008$fGBP6.00$g0$hC$5Uk
=ACF  \\$aPrevious Copyright Fee: GBP1.30$c0$e01-jul-2008$fGBP1.30$g0$hC$5Uk
=ACF  \\$aPrevious Copyright Fee: GBP1.30$c0$e01-apr-2008$fGBP1.30$g0$hC$5Uk
=ACF  \\$aPrevious Copyright Fee: GBP1.30$c0$e01-jan-2008$fGBP1.30$g0$hC$5Uk
=ACF  \\$aPrevious Copyright Fee: GBP1.30$c0$e01-oct-2007$fGBP1.30$g0$hC$5Uk
=ACF  \\$aPrevious Copyright Fee: GBP1.30$c0$e01-jul-2007$fGBP1.30$g0$hC$5Uk
=ACF  \\$aPrevious Copyright Fee: GBP1.33$c0$e01-apr-2007$fGBP1.33$g0$hC$5Uk
=ACF  \\$aPrevious Copyright Fee: GBP1.41$c0$e01-jan-2007$fGBP1.41$g0$hC$5Uk
=ACF  \\$aPrevious Copyright Fee: GBP1.41$c0$e01-oct-2006$fGBP1.41$g0$hC$5Uk
=ACF  \\$aPrevious Copyright Fee: GBP1.49$c0$e01-jul-2006$fGBP1.49$g0$hC$5Uk
=ACF  \\$aPrevious Copyright Fee: GBP1.49$c0$e01-apr-2006$fGBP1.49$g0$hC$5Uk
=ACF  \\$aPrevious Copyright Fee: GBP1.44$c0$e01-jan-2006$fGBP1.44$g0$hC$5Uk
=ACF  \\$aPrevious Copyright Fee: GBP1.41$c0$e01-oct-2005$fGBP1.41$g0$hC$5Uk
=ACF  \\$aPrevious Copyright Fee: GBP1.41$c0$e01-jul-2005$fGBP1.41$g0$hC$5Uk
=ACF  \\$aPrevious Copyright Fee: GBP1.41$c0$e01-apr-2005$fGBP1.41$g0$hC$5Uk
=ACF  \\$aPrevious Copyright Fee: GBP1.44$c0$e01-jan-2005$fGBP1.44$g0$hC$5Uk
=ACF  \\$aPrevious Copyright Fee: GBP1.41$c0$e01-oct-2004$fGBP1.41$g0$hC$5Uk
=ACF  \\$aPrevious Copyright Fee: GBP12.00$c0$e01-jul-2012$fGBP12.00$g0$hC$5Uk
=ACF  \\$aPrevious Copyright Fee: GBP12.00$c0$e01-oct-2012$fGBP12.00$g0$hC$5Uk
=ACF  \\$aPrevious Copyright Fee: GBP12.30$c0$e01-jan-2014$fGBP12.30$g0$hC$5Uk
=ACF  \\$aPrevious Copyright Fee: GBP15.00$c0$e01-jan-2017$fGBP15.00$g0$hC$5Uk
=ACF  \\$aPrevious Copyright Fee: GBP17.50$c0$e01-jan-2018$fGBP17.50$g0$hC$5Uk
=ACF  \\$aPrevious Copyright Fee: GBP20.00$c0$e01-jan-2020$fGBP20.00$g0$hC$5Uk
=ACF  \\$aPrevious Copyright Fee: GBP22.50$c0$e01-jan-2021$fGBP22.50$g0$hC$5Uk
=CAT  \\$aCONV$b00$c20040425$lBLL90$h0855
=CAT  \\$aBATCH-CLA$b00$c20110531$lBLL01$h1650
=CAT  \\$aIPL-CLA$c20110630$lBLL01$h1539
=CAT  \\$aBATCH-CLA$b00$c20110831$lBLL01$h1806
=CAT  \\$aIPL-CLA$c20110930$lBLL01$h1542
=CAT  \\$aBATCH-CLA$b00$c20111130$lBLL01$h1220
=CAT  \\$aIPL-CLA$c20111230$lBLL01$h1957
=CAT  \\$aBATCH-CLA$b00$c20120229$lBLL01$h1636
=CAT  \\$aIPL-CLA$c20120330$lBLL01$h1429
=CAT  \\$aBATCH-CLA$b00$c20120531$lBLL01$h1721
=CAT  \\$aIPL-CLA$c20120629$lBLL01$h1027
=CAT  \\$aBATCH-CLA$b00$c20120831$lBLL01$h1553
=CAT  \\$aIPL-CLA$c20120930$lBLL01$h2110
=CAT  \\$aBATCH-CLA$b00$c20121109$lBLL01$h1741
=CAT  \\$aBATCH-CLA$b00$c20131129$lBLL01$h1659
=CAT  \\$aIPL-CLA$c20131231$lBLL01$h2300
=CAT  \\$aBATCH-CLA$b00$c20161130$lBLL01$h1648
=CAT  \\$aIPL-CLA$c20161230$lBLL01$h2055
=CAT  \\$aBATCH-CLA$b00$c20171130$lBLL01$h1714
=CAT  \\$aIPL-CLA$c20171231$lBLL01$h1609
=CAT  \\$aBATCH-CLA$b00$c20191129$lBLL01$h1629
=CAT  \\$aIPL-CLA$c20191231$lBLL01$h1911
=CAT  \\$aBATCH-CLA$b00$c20201126$lBLL01$h1421
=CAT  \\$aIPL-CLA$c20201231$lBLL01$h2132
=CAT  \\$aBATCH-CLA$b00$c20221130$lBLL01$h1500
=CAT  \\$aIPL-CLA$c20221231$lBLL01$h2036
=CAT  \\$aBATCH-CLA$b00$c20230209$lBLL01$h1547
=CAT  \\$aIPL-CLA$c20230210$lBLL01$h0059
=CFI  0\$aCurrent Copyright Fee: GBP25.00$c0$e09-feb-2023$fGBP25.00$g0$hC$5Uk
=CFI  2\$aBritish Library not licensed to copy$c0$e01-jan-2023$hC$iCFP Excluded$5Uk
=FIN  \\$aY
=FMT  \\$a  SE
=LAS  \\$aIPL-CLA$b00$c20230210$lBLL01$h0059
=LEO  \\$aMP22.0000006437
=LEO  \\$aMP25.0000191945
=LKR  \\$aPAR$b010320497$lBLL01$r78000$mGeriatric medicine (1979)$nModern geriatrics
=SRC  \\$aISN01$bbibmp22.200404.2.aa
=SRC  \\$aSRI01$bbibmp25.200404.2.aa
=TCO  \\$aCLA$bCLA$c008

