=LDR  04586cas a2200913 a 4500
=001  012110904
=003  Uk
=005  20201124185226.0
=007  ta
=008  800423d19791980lu\mx\p\\\s\\o0\\\b0mul\\
=019  0\$as503474002
=019  c\$a2205574
=022  0\$a0378-4444
=040  \\$aUk$cUk$dUk
=041  0\$aeng$afre$ager$adut$aita$adan
=082  00$a338.1360094
=084  \\$aDL 16$2blsrissc
=110  2\$aCommission of the European Communities.$bDirectorate-General for Agriculture.$bDirectorate General Matters.
=245  10$aLandbrugsmarkeder.$pAnimalske produkter : priser.
=246  31$aAgrarmärkte: Tierische Produkte: Preise
=246  31$aAgricultural markets: Livestock products: prices
=246  31$aMarchés agricoles: Produits animaux: prix
=246  31$aMercati agricoli: Prodotti animali: prezzi
=246  31$aLandbouwmarkten: Dierlijke produkten: prijzen
=260  \\$aLuxembourg :$bKontoret for de europaeiske faellesskabers officielle publikationer,$c1979-1980.
=300  \\$a2 v. :$bchiefly tables. ;$c30 cm.
=310  \\$aTen no. a year
=336  \\$atext$2rdacontent
=337  \\$aunmediated$2rdamedia
=338  \\$avolume$2rdacarrier
=362  0\$a1979, 3-1980, 10.
=500  \\$aIssued for the Commission of the European Communities.
=540  \\$aBritish Library not licensed to copy$c0$5Uk
=546  \\$aDanish, Dutch, English, French, German, and Italian.
=580  \\$aMerged with: Commission of the European Communitiies. Directorate-General for Agriculture. Directorate General Matters. Landbrugsmarkeder: vegetabilske produkter, priser, to form: Marchés agricoles. Prix.
=595  \\$aCONTD AS 0750.407 SEE ALSO 0750.407 FOR CUL HOLDINGS.
=650  \0$aAgricultural prices$zEuropean Economic Community countries$vStatistics$vPeriodicals.
=690  7\$aManagement and Business Studies$2blcoll
=710  2\$aCommission of the European Communities.$bDirectorate-General for Agriculture.$bDirectorate General Matters.$tAgrarmärkte: tierische Produkte, Preise.
=710  2\$aCommission of the European Communities.$bDirectorate-General for Agriculture.$bDirectorate General Matters.$tAgricultural markets: livestock products, prices.
=780  00$aCommission of the European Communities.$tLandbrugsmarkeder: animalske produkter, priser$bDirectorate Agricultural Economics.
=785  17$aCommission of the European Communities. Directorate-General for Agriculture. Directorate General Matters.$tLandbrugsmarkeder: vegetabilske produkter, priser
=785  17$tMarchés agricoles. Prix$x0250-9601
=852  49$aBritish Library$bDSC$3See shelfmark 3647.257000 for 1974-1975; see shelfmark 0750.407000 for 1976-***UKRR-Excluded-Not Selected
=852  71$aBritish Library$bSTI$k(P)$hDL 16$m-E(5)$2blsrissc$31980-1980; 1/1980. ; Deficient: 2/1980 - 8/1982***UKRR-Excluded-Not Selected
=945  \\$aLANDBRUGSMARKEDER ANIMALSKE PRODUKTER PRISER.
=979  \\$aBritish Library$bDSC$j5151.183000N
=985  \\$aRecord merged by DQ team
=985  \\$aUpgraded by BSS-generated file for WR2011-1473
=ACF  \\$aPrevious copyright fee: GBP5.00$c0$e01-jul-2002$fGBP5.00$g0$hC$5Uk
=ACF  \\$aCurrent copyright fee: GBP4.40$c0$e01-jul-1998$fGBP4.40$g0$hA$5Uk
=ACF  \\$aCurrent copyright fee: GBP4.20$c0$e01-apr-1997$fGBP4.20$g0$hA$5Uk
=CAT  \\$aCONV$b00$c20040425$lBLL90$h0855
=CAT  \\$aCONV$b00$c20040502$lBLL01$h1456
=CAT  \\$aglobal_upd$b40$c20060417$lBLL01$h1843
=CAT  \\$a8201$b40$c20090402$lBLL01$h0900
=CAT  \\$a8201$b40$c20090402$lBLL01$h0908
=CAT  \\$aBATCH$b00$c20091210$lBLL01$h0651
=CAT  \\$aBATCH690$c20100715$lBLL01$h2102
=CAT  \\$aBATCH-MBS$c20100716$lBLL01$h2047
=CAT  \\$aBATCH-UPD$b00$c20101201$lBLL01$h1245
=CAT  \\$aIPL-CLA$c20101231$lBLL01$h1452
=CAT  \\$aBATCH-UPD$b00$c20110907$lBLL01$h1822
=CAT  \\$aIPL-CLA$c20110908$lBLL01$h1737
=CAT  \\$aBATCH-CLA$b00$c20121109$lBLL01$h1741
=CAT  \\$aWR13.005$c20130323$lBLL01$h1317
=CAT  \\$a8964$b40$c20180104$lBLL01$h1540
=CAT  \\$aW2011-1473$b00$c20201124$lBLL01$h1852
=CAT  \\$aBATCH-UPD$b00$c20230720$lBLL01$h2316
=CFI  0\$aBritish Library not licensed to copy$c0$e07-sep-2011$hC$iTX$5Uk
=CFI  2\$aPrevious copyright fee: GBP10.50$c0$e01-jan-2011$fGBP10.50$g0$hA$5Uk
=FIN  \\$aY
=FMT  \\$a  SE
=LAS  \\$aBATCH-UPD$b00$c20230720$lBLL01$h2316
=LEO  \\$aMP25.0000193947
=LEO  \\$aMP10.0000338559
=SRC  \\$aSRI01$bbibmp25.200404.2.aa
=SRC  \\$aDSS01$bbibmp10.200404.2.aa
=TCO  \\$aXXX$c008

