=LDR  04373cas a2200997 a 4500
=001  012115559
=003  Uk
=005  20230210005937.0
=007  ta
=008  811201d19811987nyusr\p\\\\\\\0\\\a0eng\\
=019  0\$as511154003
=022  0\$a0275-3685
=040  \\$aUk$cUk$dUk
=084  \\$aKH 80$2blsrissc
=210  0\$aMcGraw-Hill's biotechnol. newswatch
=222  \0$aMcGraw-Hill's biotechnology newswatch
=245  00$aMcGraw-Hill's biotechnology newswatch.
=246  17$aNewswatch
=260  \\$aNew York, N.Y. :$bMcGraw Hill,$cc1981-
=260  \\$aNew York,$c1981-
=300  \\$av. :$bill. ;$c28 cm.
=310  \\$aSemimonthly
=336  \\$atext$2rdacontent
=337  \\$aunmediated$2rdamedia
=338  \\$avolume$2rdacarrier
=362  0\$aVol. 1, no. 1 (Sept. 7, 1981)-
=500  \\$aCeased publication.
=540  \\$aCurrent Copyright Fee: GBP7.50$c0$5Uk
=580  \\$aFrom vol.5, no.2 issues supplement, "McGraw-Hill's biotechnology patentwatch", q.v.
=650  \0$aBiotechnology$vPeriodicals.
=650  \0$aBiotechnology industries$vPeriodicals.
=785  00$tBiotechnology newswatch
=852  49$aBritish Library$bDSC$3See shelfmark 2089.868000 for vol.1, 1981-vol.7, no.22, 1987
=852  71$aBritish Library$bSTI$k(P)$hKH 80$m-E(10)$2blsrissc$3Charter issue no.1; vol.1, 1981-vol.7, no.22, 1987
=985  \\$aRecord enhanced by DQ team
=ACF  \\$aPrevious Copyright Fee: GBP7.50$c0$e01-apr-2012$fGBP7.50$g0$hC$5Uk
=ACF  \\$aPrevious Copyright Fee: GBP7.50$c0$e01-jan-2012$fGBP7.50$g0$hC$5Uk
=ACF  \\$aPrevious Copyright Fee: GBP7.50$c0$e01-oct-2011$fGBP7.50$g0$hC$5Uk
=ACF  \\$aPrevious Copyright Fee: GBP7.50$c0$e01-jul-2011$fGBP7.50$g0$hC$5Uk
=ACF  \\$aPrevious Copyright Fee: GBP7.50$c0$e01-apr-2011$fGBP7.50$g0$hC$5Uk
=ACF  \\$aPrevious Copyright Fee: GBP7.50$c0$e01-jan-2011$fGBP7.50$g0$hC$5Uk
=ACF  \\$aPrevious Copyright Fee: GBP7.50$c0$e01-oct-2010$fGBP7.50$g0$hC$5Uk
=ACF  \\$aPrevious Copyright Fee: GBP7.50$c0$e01-jul-2010$fGBP7.50$g0$hC$5Uk
=ACF  \\$aPrevious Copyright Fee: GBP7.50$c0$e01-apr-2010$fGBP7.50$g0$hC$5Uk
=ACF  \\$aPrevious Copyright Fee: GBP7.50$c0$e01-Jan-2010$fGBP7.50$g0$hC$5Uk
=ACF  \\$aPrevious Copyright Fee: GBP7.50$c0$e01-oct-2009$fGBP7.50$g0$hC$5Uk
=ACF  \\$aPrevious Copyright Fee: GBP7.50$c0$e01-jul-2009$fGBP7.50$g0$hC$5Uk
=ACF  \\$aPrevious Copyright Fee: GBP7.50$c0$e01-apr-2009$fGBP7.50$g0$hC$5Uk
=ACF  \\$aPrevious Copyright Fee: GBP7.50$c0$e01-jul-2012$fGBP7.50$g0$hC$5Uk
=ACF  \\$aPrevious Copyright Fee: GBP7.50$c0$e01-oct-2012$fGBP7.50$g0$hC$5Uk
=CAT  \\$aCONV$b00$c20040425$lBLL90$h0855
=CAT  \\$aBATCH-CLA$b00$c20100602$lBLL01$h1416
=CAT  \\$aBATCH-UPD$b00$c20100630$lBLL01$h1930
=CAT  \\$aBATCH-UPD$b00$c20100630$lBLL01$h1959
=CAT  \\$aIPL-CLA$c20100630$lBLL01$h2026
=CAT  \\$aBATCH-CLA$b00$c20100831$lBLL01$h1542
=CAT  \\$aIPL-CLA$c20100930$lBLL01$h1521
=CAT  \\$aBATCH-CLA$b00$c20101115$lBLL01$h1611
=CAT  \\$aIPL-CLA$c20101231$lBLL01$h1452
=CAT  \\$aBATCH-CLA$b00$c20110228$lBLL01$h1550
=CAT  \\$aIPL-CLA$c20110331$lBLL01$h1459
=CAT  \\$aBATCH-CLA$b00$c20110531$lBLL01$h1646
=CAT  \\$aIPL-CLA$c20110630$lBLL01$h1539
=CAT  \\$aBATCH-CLA$b00$c20110831$lBLL01$h1809
=CAT  \\$aIPL-CLA$c20110930$lBLL01$h1542
=CAT  \\$aBATCH-CLA$b00$c20111130$lBLL01$h1217
=CAT  \\$aIPL-CLA$c20111230$lBLL01$h1957
=CAT  \\$aBATCH-CLA$b00$c20120229$lBLL01$h1634
=CAT  \\$aIPL-CLA$c20120330$lBLL01$h1429
=CAT  \\$aBATCH-CLA$b00$c20120531$lBLL01$h1720
=CAT  \\$aIPL-CLA$c20120629$lBLL01$h1027
=CAT  \\$aBATCH-CLA$b00$c20120831$lBLL01$h1552
=CAT  \\$aIPL-CLA$c20120930$lBLL01$h2110
=CAT  \\$aBATCH-CLA$b00$c20121109$lBLL01$h1741
=CAT  \\$aBATCH-CLA$b00$c20221130$lBLL01$h1500
=CAT  \\$aIPL-CLA$c20221231$lBLL01$h2036
=CAT  \\$aBATCH-CLA$b00$c20230209$lBLL01$h1546
=CAT  \\$aIPL-CLA$c20230210$lBLL01$h0059
=CFI  0\$aCurrent Copyright Fee: GBP7.50$c0$e09-feb-2023$fGBP7.50$g0$hC$5Uk
=CFI  2\$aBritish Library not licensed to copy$c0$e01-jan-2023$hC$iCFP Excluded$5Uk
=FIN  \\$aY
=FMT  \\$a  SE
=LAS  \\$aIPL-CLA$b00$c20230210$lBLL01$h0059
=LEO  \\$aMP25.0000201900
=SRC  \\$aSRI01$bbibmp25.200404.2.aa
=TCO  \\$aTRS$bCCC$c008

