=LDR  04448cas a2200937 a 4500
=001  012117253
=003  Uk
=005  20221231203654.0
=007  ta
=008  901009d19751980fr\ur\p\\\\\\\0\\\\0fre\d
=019  0\$as514067004
=022  0\$a0151-0509
=040  \\$aUk$cUk$dUk
=041  0\$afre$beng
=082  04$a510.5$222
=084  \\$aP 00$2blsrissc
=084  \\$aSC 00$2blsrissc
=222  \0$aComptes rendus hebdomadaires des séances de l'Académie des sciences. Séries A et B. Série A, Sciences mathématiques
=245  00$aComptes rendus hebdomadaires des séances de l'Académie des Sciences.$nSéries A et B. Série A,$pSciences mathématiques.
=246  30$aSciences mathématiques
=260  \\$aParis :$bGauthier-Villars,$c1975-1980.
=300  \\$av. :$bill. ;$c28 cm.
=310  \\$aWeekly
=336  \\$atext$2rdacontent
=337  \\$aunmediated$2rdamedia
=338  \\$avolume$2rdacarrier
=362  0\$aT. 279 (1975)-t. 291 (1980).
=540  \\$aCurrent Copyright Fee: GBP25.00$c0$5Uk
=650  \0$aPhysics$vPeriodicals.
=650  \0$aMathematics$vPeriodicals.
=710  2\$aAcadémie des sciences (France)
=780  00$tComptes rendus hebdomadaires des séances de l'Académie des sciences. Série A, Sciences mathématiques$x0302-8429
=785  00$tComptes rendus des séances de l'Académie des sciences. Série 1, Mathématique$x0249-6291
=852  71$aBritish Library$bSTI$k(P)$hP 00$m-F(50)$2blsrissc$31966-1980; Tome 262-291.
=852  49$aBritish Library$bDSC$3See shelfmark 3370.020000 for T. 280, 1975- 291//NO. 13, 1980 *A=1
=ACF  \\$aPrevious Copyright Fee: GBP2.00$c0$e01-jul-2009$fGBP2.00$g0$hC$5Uk
=ACF  \\$aPrevious Copyright Fee: GBP2.00$c0$e01-apr-2009$fGBP2.00$g0$hC$5Uk
=ACF  \\$aPrevious Copyright Fee: GBP1.75$c0$e01-jan-2009$fGBP1.75$g0$hC$5Uk
=ACF  \\$aPrevious Copyright Fee: GBP1.40$c0$e01-oct-2008$fGBP1.40$g0$hC$5Uk
=ACF  \\$aPrevious Copyright Fee: GBP1.40$c0$e01-jul-2008$fGBP1.40$g0$hC$5Uk
=ACF  \\$aPrevious copyright fee: GBP10.50$c0$e01-jan-2011$fGBP10.50$g0$hA$5Uk
=ACF  \\$aPrevious copyright fee: GBP12.00$c0$e01-jan-2012$fGBP12.00$g0$hA$5Uk
=ACF  \\$aPrevious Copyright Fee: GBP12.30$c0$e01-jan-2014$fGBP12.30$g0$hA$5Uk
=ACF  \\$aPrevious Copyright Fee: GBP15.00$c0$e01-jan-2017$fGBP15.00$g0$hA$5Uk
=ACF  \\$aPrevious Copyright Fee: GBP17.50$c0$e01-jan-2018$fGBP17.50$g0$hA$5Uk
=ACF  \\$aPrevious Copyright Fee: GBP20.00$c0$e01-jan-2020$fGBP20.00$g0$hA$5Uk
=CAT  \\$aCONV$b00$c20040425$lBLL90$h0855
=CAT  \\$aBATCH$b00$c20090401$lBLL01$h0204
=CAT  \\$aBATCH-CLA$b00$c20090529$lBLL01$h1705
=CAT  \\$aBATCH-UPD$b00$c20090701$lBLL01$h2009
=CAT  \\$aBATCH-UPD$b00$c20090701$lBLL01$h2039
=CAT  \\$aBATCH$b00$c20090701$lBLL01$h2100
=CAT  \\$aBATCH$b00$c20091210$lBLL01$h0653
=CAT  \\$aBATCH-UPD$b00$c20101201$lBLL01$h1245
=CAT  \\$aIPL-CLA$c20101231$lBLL01$h1452
=CAT  \\$aWR11_203$c20111204$lBLL01$h1455
=CAT  \\$aIPL-CLA$c20111230$lBLL01$h1957
=CAT  \\$aBATCH-CLA$b00$c20121109$lBLL01$h1741
=CAT  \\$aBATCH-CLA$c20131220$lBLL01$h2002
=CAT  \\$aIPL-CLA$c20131231$lBLL01$h2301
=CAT  \\$aBATCH-UPD$b00$c20140322$lBLL01$h1749
=CAT  \\$aBATCH-CLA$b00$c20161222$lBLL01$h1755
=CAT  \\$aIPL-CLA$c20161230$lBLL01$h2055
=CAT  \\$aBATCH-CLA$b00$c20171222$lBLL01$h2114
=CAT  \\$aIPL-CLA$c20171231$lBLL01$h1609
=CAT  \\$aBATCH-CLA$b00$c20191219$lBLL01$h1723
=CAT  \\$aIPL-CLA$c20191231$lBLL01$h1911
=CAT  \\$aR2001-1524$c20200127$lBLL01$h1958
=CAT  \\$aBATCH-CLA$b00$c20201204$lBLL01$h1523
=CAT  \\$aIPL-CLA$c20201231$lBLL01$h2132
=CAT  \\$aBATCH-CLA$b00$c20221221$lBLL01$h1830
=CAT  \\$aIPL-CLA$c20221231$lBLL01$h2036
=CFI  0\$aCurrent Copyright Fee: GBP25.00$c0$e01-jan-2023$fGBP25.00$g0$hA$5Uk
=CFI  2\$aPrevious Copyright Fee: GBP22.50$c0$e01-jan-2021$fGBP22.50$g0$hA$5Uk
=FIN  \\$aY
=FMT  \\$a  SE
=LAS  \\$aIPL-CLA$b00$c20221231$lBLL01$h2036
=LEO  \\$aMP25.0000204810
=LKR  \\$aPAR$b012402581$lBLL01$r78000$mComptes rendus hebdomadaires des séances de l'Académie des sciences. Séries A et B. Série A, Sciences mathématiques$nComptes rendus hebdomadaires des séances de l'Académie des sciences. Série A, Sciences mathématiques
=SRC  \\$aSRI01$bbibmp25.200404.2.aa
=TCO  \\$aFRA$bCFC$c008

