=LDR  04334cas a2200925 a 4500
=001  012117254
=003  Uk
=005  20221231203654.0
=007  ta
=008  830222d19811983fr\wr\p\\\\\\\0\\\b0fre\\
=019  0\$as514067012
=022  0\$a0249-6291$y0151-0509$y0249-6321$2z
=040  \\$aUk$cUk$dUk
=084  \\$aP 00$2blsrissc
=210  0\$aC. R. séances Acad. sci., Sér. 1 Math.
=222  \0$aComptes rendus des séances de l'Académie des sciences. Série 1, Mathématique
=245  00$aComptes rendus des séances de l'Académie des sciences.$pSérie 1, Mathématique.
=246  1\$aComptes rendus des séances de l'Académie des sciences. Série un, Mathématique
=260  \\$aParis :$bGauthier-Villars,$c1981-1983.
=300  \\$a6 v. :$bill. ;$c27 cm.
=310  \\$aWeekly
=336  \\$atext$2rdacontent
=337  \\$aunmediated$2rdamedia
=338  \\$avolume$2rdacarrier
=362  0\$aT. 292, sér. I, no 1 (5 jan. 1981)-t. 297, sér. I, no 13 (19 déc. 1983).
=540  \\$aCurrent Copyright Fee: GBP25.00$c0$5Uk
=546  \\$aSummaries in English.
=650  \0$aMathematics$vPeriodicals.
=710  2\$aAcadémie des sciences (France)
=770  0\$tComptes rendus des séances de l'Académie des sciences. Vie académique$x0249-6321
=780  01$tComptes rendus hebdomadaires des séances de l'Académie des sciences. Séries A et B. Série A, Sciences mathématiques$x0151-0509
=785  00$tComptes rendus de l'Académie des sciences. Série 1, Mathématique$x0764-4442
=852  49$aBritish Library$bDSC$3See shelfmark 3370.042000 for Tome 292, 1981-297, 1983
=852  71$aBritish Library$bSTI$k(P)$hP 00$m-F(50)$2blsrissc$3Tome 292, 1981-297, 1983
=985  \\$aRecord enhanced by DQ team
=ACF  \\$aPrevious Copyright Fee: GBP2.00$c0$e01-jul-2009$fGBP2.00$g0$hC$5Uk
=ACF  \\$aPrevious Copyright Fee: GBP2.00$c0$e01-apr-2009$fGBP2.00$g0$hC$5Uk
=ACF  \\$aPrevious Copyright Fee: GBP1.75$c0$e01-jan-2009$fGBP1.75$g0$hC$5Uk
=ACF  \\$aPrevious Copyright Fee: GBP1.40$c0$e01-oct-2008$fGBP1.40$g0$hC$5Uk
=ACF  \\$aPrevious Copyright Fee: GBP1.40$c0$e01-jul-2008$fGBP1.40$g0$hC$5Uk
=ACF  \\$aPrevious copyright fee: GBP10.50$c0$e01-jan-2011$fGBP10.50$g0$hA$5Uk
=ACF  \\$aPrevious copyright fee: GBP12.00$c0$e01-jan-2012$fGBP12.00$g0$hA$5Uk
=ACF  \\$aPrevious Copyright Fee: GBP12.30$c0$e01-jan-2014$fGBP12.30$g0$hA$5Uk
=ACF  \\$aPrevious Copyright Fee: GBP15.00$c0$e01-jan-2017$fGBP15.00$g0$hA$5Uk
=ACF  \\$aPrevious Copyright Fee: GBP17.50$c0$e01-jan-2018$fGBP17.50$g0$hA$5Uk
=ACF  \\$aPrevious Copyright Fee: GBP20.00$c0$e01-jan-2020$fGBP20.00$g0$hA$5Uk
=CAT  \\$aCONV$b00$c20040425$lBLL90$h0855
=CAT  \\$aBATCH$b00$c20090401$lBLL01$h0204
=CAT  \\$aBATCH-CLA$b00$c20090529$lBLL01$h1705
=CAT  \\$aBATCH-UPD$b00$c20090701$lBLL01$h2009
=CAT  \\$aBATCH-UPD$b00$c20090701$lBLL01$h2039
=CAT  \\$aBATCH$b00$c20090701$lBLL01$h2100
=CAT  \\$aBATCH$b00$c20091210$lBLL01$h0653
=CAT  \\$aBATCH-UPD$b00$c20101201$lBLL01$h1245
=CAT  \\$aIPL-CLA$c20101231$lBLL01$h1452
=CAT  \\$aWR11_203$c20111204$lBLL01$h1455
=CAT  \\$aIPL-CLA$c20111230$lBLL01$h1957
=CAT  \\$aBATCH-CLA$b00$c20121109$lBLL01$h1741
=CAT  \\$aBATCH-CLA$c20131220$lBLL01$h2002
=CAT  \\$aIPL-CLA$c20131231$lBLL01$h2301
=CAT  \\$aBATCH-UPD$b00$c20140322$lBLL01$h1749
=CAT  \\$aBATCH-CLA$b00$c20161222$lBLL01$h1755
=CAT  \\$aIPL-CLA$c20161230$lBLL01$h2055
=CAT  \\$aBATCH-CLA$b00$c20171222$lBLL01$h2114
=CAT  \\$aIPL-CLA$c20171231$lBLL01$h1609
=CAT  \\$aBATCH-CLA$b00$c20191219$lBLL01$h1723
=CAT  \\$aIPL-CLA$c20191231$lBLL01$h1911
=CAT  \\$aR2001-1524$c20200127$lBLL01$h1958
=CAT  \\$aBATCH-CLA$b00$c20201204$lBLL01$h1523
=CAT  \\$aIPL-CLA$c20201231$lBLL01$h2132
=CAT  \\$aBATCH-CLA$b00$c20221221$lBLL01$h1830
=CAT  \\$aIPL-CLA$c20221231$lBLL01$h2036
=CFI  0\$aCurrent Copyright Fee: GBP25.00$c0$e01-jan-2023$fGBP25.00$g0$hA$5Uk
=CFI  2\$aPrevious Copyright Fee: GBP22.50$c0$e01-jan-2021$fGBP22.50$g0$hA$5Uk
=FIN  \\$aY
=FMT  \\$a  SE
=LAS  \\$aIPL-CLA$b00$c20221231$lBLL01$h2036
=LEO  \\$aMP25.0000204811
=SRC  \\$aSRI01$bbibmp25.200404.2.aa
=TCO  \\$aFRA$bCFC$c008

