=LDR  04594cas a2201153 a 4500
=001  012309416
=003  Uk
=005  20221231203935.0
=006  aab\\|||||||||||||
=007  ta
=008  980513c19989999enkgr\p\\\\\\\0\\\a0mul\\
=015  \\$aGB9827536$2bnb
=019  y\$ab9827536
=019  9\$ab9827536
=019  c\$a2567219
=019  0\$as637489004
=022  0\$a1364-8241$202
=039  0\$a2486
=040  \\$aUk$cUk
=041  0\$aeng$apor
=042  \\$aissnuk
=082  04$a387.109469805$221
=084  \\$aAA 778$2blsrissc
=210  0\$aMadeir. port handb.
=222  \0$aMadeira port handbook
=245  00$aMadeira port handbook =$bManual dos portos da Madeira.
=246  01$aManual dos portos da Madeira
=260  \\$aColchester (Tavern House, Station Rd, Ardleigh, Colchester CO7 7RS) :$bLand & Marine,$c1998-
=300  \\$av. :$bill. (some col.), col. maps ;$c30cm.
=310  \\$aIssued every two years
=336  \\$atext$2rdacontent
=337  \\$aunmediated$2rdamedia
=338  \\$avolume$2rdacarrier
=362  0\$a98/99-
=540  \\$aCurrent Copyright Fee: GBP25.00$c0$5Uk
=546  \\$aParallel text in English and Portuguese.
=597  \\$aEnhanced$bSRIS DDC
=650  \0$aHarbors$zMadeira Islands$zMadeira$xHandbooks, manuals, etc.
=650  \0$aShipping$zMadeira Islands$zMadeira$xHandbooks, manuals, etc.
=651  \0$aMadeira (Madeira Islands)$xHandbooks, manuals, etc.
=852  41$aBritish Library$bSTI$31998/1999- *A=1
=852  71$aBritish Library$bSTI$k(B)$hAA 778$mBusiness$2blsrissc$31998- ; 1998/99-***Current issue
=852  71$aBritish Library$bSTI$cRES$k(XP)$hAA 778$m-E(87)$2blsrissc$31998- ; 1998/99-***Earlier issues
=886  2\$2blmarc$a092$b00$a5330.857200n
=945  \\$aMADEIRA PORT HANDBOOK.
=957  \\$a980224c
=979  \\$aBritish Library$bDSC$j5330.857200N
=985  \\$aUpgraded by BSS-generated file for WR2011-1473
=A02  \\$a2567219
=ACF  \\$aPrevious copyright fee: GBP5.00$c0$e01-jul-2002$fGBP5.00$g0$hC$5Uk
=ACF  \\$aCurrent copyright fee: GBP4.40$c0$e01-jul-1998$fGBP4.40$g0$hA$5Uk
=ACF  \\$aCurrent copyright fee: GBP4.20$c0$e04-jun-1998$fGBP4.20$g0$hA$5Uk
=ACF  \\$aPrevious copyright fee: GBP10.50$c0$e01-jan-2011$fGBP10.50$g0$hA$5Uk
=ACF  \\$aPrevious copyright fee: GBP12.00$c0$e01-jan-2012$fGBP12.00$g0$hA$5Uk
=ACF  \\$aPrevious Copyright Fee: GBP12.30$c0$e01-jan-2014$fGBP12.30$g0$hA$5Uk
=ACF  \\$aPrevious Copyright Fee: GBP15.00$c0$e01-jan-2017$fGBP15.00$g0$hA$5Uk
=ACF  \\$aPrevious Copyright Fee: GBP17.50$c0$e01-jan-2018$fGBP17.50$g0$hA$5Uk
=ACF  \\$aPrevious Copyright Fee: GBP20.00$c0$e01-jan-2020$fGBP20.00$g0$hA$5Uk
=CAT  \\$aWR09-126
=CAT  \\$aBATCH$b00$c20091123$lBLL01$h0131
=CAT  \\$aBATCH$b00$c20091210$lBLL01$h2230
=CAT  \\$aBATCH$b00$c20091214$lBLL01$h0834
=CAT  \\$aBATCH$b00$c20091216$lBLL01$h0210
=CAT  \\$aBATCH-UPD$b00$c20101201$lBLL01$h1245
=CAT  \\$aIPL-CLA$c20101231$lBLL01$h1452
=CAT  \\$aWR11_203$c20111204$lBLL01$h1455
=CAT  \\$aIPL-CLA$c20111230$lBLL01$h1958
=CAT  \\$aBATCH-CLA$b00$c20121109$lBLL01$h1740
=CAT  \\$aWR13.005$c20130323$lBLL01$h1412
=CAT  \\$aBATCH-CLA$c20131220$lBLL01$h2004
=CAT  \\$aIPL-CLA$c20131231$lBLL01$h2304
=CAT  \\$aWR14_140$c20140905$lBLL01$h1759
=CAT  \\$aBATCH-CLA$b00$c20161222$lBLL01$h1756
=CAT  \\$aIPL-CLA$c20161230$lBLL01$h2058
=CAT  \\$aBATCH-CLA$b00$c20171222$lBLL01$h2115
=CAT  \\$aIPL-CLA$c20171231$lBLL01$h1611
=CAT  \\$aBATCH-CLA$b00$c20191219$lBLL01$h1724
=CAT  \\$aIPL-CLA$c20191231$lBLL01$h1913
=CAT  \\$aW2011-1473$b00$c20201124$lBLL01$h1853
=CAT  \\$aBATCH-CLA$b00$c20201204$lBLL01$h1524
=CAT  \\$aIPL-CLA$c20201231$lBLL01$h2134
=CAT  \\$a11315$b40$c20220713$lBLL01$h1613
=CAT  \\$aBATCH-CLA$b00$c20221221$lBLL01$h1831
=CAT  \\$aIPL-CLA$c20221231$lBLL01$h2039
=CFI  0\$aCurrent Copyright Fee: GBP25.00$c0$e01-jan-2023$fGBP25.00$g0$hA$5Uk
=CFI  2\$aPrevious Copyright Fee: GBP22.50$c0$e01-jan-2021$fGBP22.50$g0$hA$5Uk
=FIN  \\$aY
=FMT  \\$a  SE
=LAS  \\$aIPL-CLA$b00$c20221231$lBLL01$h2039
=LEO  \\$aMP5.0001498612
=LEO  \\$aMP10.0000353885
=LEO  \\$aMP22.0000051589
=LEO  \\$aMP25.0000321401
=SRC  \\$aBNB03$bbibmp5.200404.2.ac
=SRC  \\$aDSS01$bbibmp10.200404.2.aa
=SRC  \\$aISN01$bbibmp22.200404.2.aa
=SRC  \\$aSRI01$bbibmp25.200404.2.aa
=SSD  \\$a25500{dollar}a98/99-; 74510{dollar}aManual dos portos da Madeira
=TCO  \\$aCLA$bCLA$c008

