=LDR  06150cas a2201309 a 4500
=001  012409201
=003  Uk
=005  20230210010018.0
=007  ta
=008  960514d1974201uenkwr\p\\\\\\\0\\\a0eng\\
=019  c\$a2344260
=019  0\$as615365000
=022  0\$a1064-1912$202
=040  \\$aUk$cUk$dUk
=042  \\$aissnuk
=082  04$a332.60973$221
=084  \\$aAN 130$2blsrissc
=084  \\$aAN 124$2blsrissc
=210  0\$aCorp. financ. week$b(Print)
=222  \0$aCorporate financing week$b(Print)
=245  00$aCorporate financing week.
=260  \\$aNew York, N.Y. :$bInstitutional Investor, Inc.,$c1974-
=264  31$a[London] :$bBusiness Monitor International
=300  \\$c29 cm.
=336  \\$atext$2rdacontent
=337  \\$aunmediated$2rdamedia
=338  \\$avolume$2rdacarrier
=540  \\$aCurrent Copyright Fee: GBP25.00$c0$5Uk
=588  \\$aLatest issue consulted: vol. XXXIX, no. 22 (June 2, 2013).
=595  \\$aSEE ALSO CARD INDEX.
=690  7\$aManagement and Business Studies$2blcoll
=710  2\$aInstitutional Investor (Firm)
=710  2\$aBusiness Monitor International.
=770  0\$tCorporate financing week. Special supplement$x1064-1904
=776  08$iContinued online:$tCorporate financing week$x2396-6963
=852  71$aBritish Library$bSTI$cRES$k(P)$hAN 130$m-E(6)$2blsrissc$3title now taken as electronic copy only
=852  41$aBritish Library$bHMNTS
=945  \\$aCorporate financing week.
=979  \\$aBritish Library$bDSC$j3472.065500N$xNot selected by DSC
=985  \\$aRecord merged by DQ team
=985  \\$aISSN responsibility transferred from U.S. ISSN Center to ISSN UK Centre, 27/12/13.
=A02  \\$a2344260
=ACF  \\$aPrevious Copyright Fee: GBP12.00$c0$e01-apr-2012$fGBP12.00$g0$hC$5Uk
=ACF  \\$aPrevious Copyright Fee: GBP12.00$c0$e01-jan-2012$fGBP12.00$g0$hC$5Uk
=ACF  \\$aPrevious Copyright Fee: GBP10.50$c0$e01-oct-2011$fGBP10.50$g0$hC$5Uk
=ACF  \\$aPrevious Copyright Fee: GBP10.50$c0$e01-jul-2011$fGBP10.50$g0$hC$5Uk
=ACF  \\$aPrevious Copyright Fee: GBP10.50$c0$e01-apr-2011$fGBP10.50$g0$hC$5Uk
=ACF  \\$aPrevious Copyright Fee: GBP10.50$c0$e01-jan-2011$fGBP10.50$g0$hC$5Uk
=ACF  \\$aPrevious Copyright Fee: GBP9.00$c0$e01-oct-2010$fGBP9.00$g0$hC$5Uk
=ACF  \\$aPrevious Copyright Fee: GBP9.00$c0$e01-jul-2010$fGBP9.00$g0$hC$5Uk
=ACF  \\$aPrevious Copyright Fee: GBP9.00$c0$e01-apr-2010$fGBP9.00$g0$hC$5Uk
=ACF  \\$aPrevious Copyright Fee: GBP9.00$c0$e01-Jan-2010$fGBP9.00$g0$hC$5Uk
=ACF  \\$aPrevious Copyright Fee: GBP6.00$c0$e01-oct-2009$fGBP6.00$g0$hC$5Uk
=ACF  \\$aPrevious Copyright Fee: GBP6.00$c0$e01-jul-2009$fGBP6.00$g0$hC$5Uk
=ACF  \\$aPrevious Copyright Fee: GBP6.00$c0$e01-apr-2009$fGBP6.00$g0$hC$5Uk
=ACF  \\$aPrevious Copyright Fee: GBP6.00$c0$e01-jan-2009$fGBP6.00$g0$hC$5Uk
=ACF  \\$aPrevious Copyright Fee: GBP6.00$c0$e01-oct-2008$fGBP6.00$g0$hC$5Uk
=ACF  \\$aPrevious Copyright Fee: GBP6.00$c0$e01-jul-2008$fGBP6.00$g0$hC$5Uk
=ACF  \\$aPrevious Copyright Fee: GBP6.00$c0$e01-apr-2008$fGBP6.00$g0$hC$5Uk
=ACF  \\$aPrevious Copyright Fee: GBP10.00$c0$e01-jan-2008$fGBP10.00$g0$hC$5Uk
=ACF  \\$aPrevious Copyright Fee: GBP10.00$c0$e01-oct-2007$fGBP10.00$g0$hC$5Uk
=ACF  \\$aPrevious Copyright Fee: GBP10.00$c0$e01-jul-2007$fGBP10.00$g0$hC$5Uk
=ACF  \\$aPrevious Copyright Fee: GBP10.00$c0$e01-apr-2007$fGBP10.00$g0$hC$5Uk
=ACF  \\$aPrevious Copyright Fee: GBP10.00$c0$e01-jan-2007$fGBP10.00$g0$hC$5Uk
=ACF  \\$aPrevious copyright fee: GBP5.00$c0$e01-jul-2002$fGBP5.00$g0$hA$5Uk
=ACF  \\$aCurrent copyright fee: GBP4.40$c0$e01-jul-1998$fGBP4.40$g0$hA$5Uk
=ACF  \\$aCurrent copyright fee: GBP4.20$c0$e01-apr-1997$fGBP4.20$g0$hA$5Uk
=ACF  \\$aPrevious Copyright Fee: GBP12.00$c0$e01-jul-2012$fGBP12.00$g0$hC$5Uk
=ACF  \\$aPrevious Copyright Fee: GBP12.00$c0$e01-oct-2012$fGBP12.00$g0$hC$5Uk
=ACF  \\$aPrevious Copyright Fee: GBP100.00$c0$e01-apr-2014$fGBP100.00$g0$hC$5Uk
=ACF  \\$aPrevious Copyright Fee: GBP17.50$c0$e01-oct-2019$fGBP17.50$g0$hC$5Uk
=ACF  \\$aPrevious Copyright Fee: GBP20.00$c0$e01-jan-2020$fGBP20.00$g0$hC$5Uk
=ACF  \\$aPrevious Copyright Fee: GBP22.50$c0$e01-jan-2021$fGBP22.50$g0$hC$5Uk
=CAT  \\$aCONV$b00$c20040425$lBLL90$h0701
=CAT  \\$aBATCH-CLA$b00$c20120229$lBLL01$h1612
=CAT  \\$aIPL-CLA$c20120330$lBLL01$h1431
=CAT  \\$aBATCH-CLA$b00$c20120531$lBLL01$h1703
=CAT  \\$aIPL-CLA$c20120629$lBLL01$h1029
=CAT  \\$aBATCH-CLA$b00$c20120831$lBLL01$h1540
=CAT  \\$aIPL-CLA$c20120930$lBLL01$h2112
=CAT  \\$aBATCH-CLA$b00$c20121109$lBLL01$h1737
=CAT  \\$aWR13.005$c20130323$lBLL01$h1459
=CAT  \\$a8483$b40$c20130614$lBLL01$h0912
=CAT  \\$a8483$b40$c20130614$lBLL01$h0914
=CAT  \\$a8483$b40$c20130614$lBLL01$h0923
=CAT  \\$a10806$b40$c20131205$lBLL01$h1403
=CAT  \\$a10806$b40$c20131227$lBLL01$h1128
=CAT  \\$a7778$b40$c20140210$lBLL01$h1213
=CAT  \\$aBATCH-CLA$b00$c20140228$lBLL01$h1611
=CAT  \\$aIPL-CLA$c20140331$lBLL01$h1625
=CAT  \\$a11316$b40$c20150721$lBLL01$h1034
=CAT  \\$aBATCH-CLA$b00$c20190909$lBLL01$h1715
=CAT  \\$aIPL-CLA$c20190930$lBLL01$h1635
=CAT  \\$aBATCH-CLA$b00$c20191129$lBLL01$h1615
=CAT  \\$aIPL-CLA$c20191231$lBLL01$h1917
=CAT  \\$aBATCH-CLA$b00$c20201126$lBLL01$h1410
=CAT  \\$aIPL-CLA$c20201231$lBLL01$h2139
=CAT  \\$aBATCH-CLA$b00$c20221130$lBLL01$h1427
=CAT  \\$aIPL-CLA$c20221231$lBLL01$h2043
=CAT  \\$aBATCH-CLA$b00$c20230209$lBLL01$h1514
=CAT  \\$aIPL-CLA$c20230210$lBLL01$h0100
=CFI  0\$aCurrent Copyright Fee: GBP25.00$c0$e09-feb-2023$fGBP25.00$g0$hC$5Uk
=CFI  2\$aBritish Library not licensed to copy$c0$e01-jan-2023$hC$iCFP Excluded$5Uk
=FIN  \\$aY
=FMT  \\$a  SE
=LAS  \\$aIPL-CLA$b00$c20230210$lBLL01$h0100
=LEO  \\$aMP25.0000306527
=LEO  \\$aMP10.0000168552
=SRC  \\$aDSS02$bbibh.200404.2.aa
=SRC  \\$aSRI01$bbibmp25.200404.2.aa
=SRC  \\$aDSS01$bbibmp10.200404.2.aa
=TCO  \\$aTRS$bCCC$c008

