=LDR  04436cas a22011293a 4500
=001  012431778
=003  Uk
=005  20221231204811.0
=006  aa\\\|||||||||||||
=007  ta
=008  020812c20029999enkf|2p|||\\\||\\\a0eng\\
=015  \\$aGBA234289$2bnb
=019  y\$abA234289
=019  9\$abA234289
=019  0\$as676744001
=019  c\$a1114960
=022  0\$a1474-8452$202
=039  0\$a2692
=040  \\$aUk$cUk
=082  04$a690.094105$221
=084  \\$aVY 30$2blsrissc
=222  \0$a3D perspectives
=245  00$a3D perspectives :$bperspectives for the construction industry.
=246  00$aThree dimensional perspectives
=246  03$a3D (Nottingham)
=260  \\$aNottingham (35 Hayworth Rd, Nottingham, NG10 5LL) :$bFaculty of Building,$c2002-
=300  \\$av. :$bill. (some col.) ;$c30 cm.
=310  \\$aThree issues yearly
=336  \\$atext$2rdacontent
=337  \\$aunmediated$2rdamedia
=338  \\$avolume$2rdacarrier
=362  0\$aIssue 1 (Mar. 2002)-
=500  \\$aRunning title: 3D.
=540  \\$aCurrent Copyright Fee: GBP25.00$c0$5Uk
=597  \\$aEnhanced$bSRIS DDC
=650  \0$aConstruction industry$zGreat Britain$vPeriodicals.
=650  \0$aBuilding$zGreat Britain$vPeriodicals.
=650  \0$aStructural engineering$zGreat Britain$vPeriodicals.
=710  2\$aFaculty of Building.
=852  41$aBritish Library$bSTI$32002(1)- *A=1
=852  71$aBritish Library$bSTI$k(P)$hVY 30$m-E(90)$2blsrissc$32002 Issue 1-Issue 6(2005).
=886  2\$2blmarc$a092$b00$a9725.975100n
=945  \\$a3D perspectives -Faculty of Building-
=957  \\$a020322c
=979  \\$aBritish Library$bDSC$j9540.220000N$xNot selected
=A02  \\$a1114960
=ACF  \\$aPrevious copyright fee: GBP9.00$c0$e01-apr-2010$fGBP9.00$g0$hA$5Uk
=ACF  \\$aPrevious copyright fee: GBP6.00$c0$e01-apr-2008$fGBP6.00$g0$hA$5Uk
=ACF  \\$aPrevious copyright fee: GBP5.00$c0$e01-jul-2002$fGBP5.00$g0$hA$5Uk
=ACF  \\$aCurrent copyright fee: GBP4.40$c0$e15-may-2002$fGBP4.40$g0$hA$5Uk
=ACF  \\$aPrevious copyright fee: GBP10.50$c0$e01-jan-2011$fGBP10.50$g0$hA$5Uk
=ACF  \\$aPrevious copyright fee: GBP12.00$c0$e01-jan-2012$fGBP12.00$g0$hA$5Uk
=ACF  \\$aPrevious Copyright Fee: GBP12.30$c0$e01-jan-2014$fGBP12.30$g0$hA$5Uk
=ACF  \\$aPrevious Copyright Fee: GBP15.00$c0$e01-jan-2017$fGBP15.00$g0$hA$5Uk
=ACF  \\$aPrevious Copyright Fee: GBP17.50$c0$e01-jan-2018$fGBP17.50$g0$hA$5Uk
=ACF  \\$aPrevious Copyright Fee: GBP20.00$c0$e01-jan-2020$fGBP20.00$g0$hA$5Uk
=CAT  \\$aWR09-126
=CAT  \\$aBATCH-UPD$b00$c20100401$lBLL01$h0248
=CAT  \\$aBATCH$b00$c20100401$lBLL01$h0551
=CAT  \\$aBATCH$b00$c20100401$lBLL01$h1624
=CAT  \\$aBATCH-UPD$b00$c20101124$lBLL01$h1943
=CAT  \\$aBATCH-UPD$b00$c20101125$lBLL01$h1211
=CAT  \\$aIPL-CLA$c20101231$lBLL01$h1508
=CAT  \\$a8180$b40$c20110114$lBLL01$h1044
=CAT  \\$a8180$b40$c20110121$lBLL01$h0916
=CAT  \\$aWR11_203$c20111204$lBLL01$h1506
=CAT  \\$aIPL-CLA$c20111230$lBLL01$h2013
=CAT  \\$aBATCH-CLA$b00$c20121109$lBLL01$h1734
=CAT  \\$aBATCH-CLA$c20131220$lBLL01$h2023
=CAT  \\$aIPL-CLA$c20131231$lBLL01$h2326
=CAT  \\$aWR14_140$c20140905$lBLL01$h1800
=CAT  \\$aBATCH-CLA$b00$c20161222$lBLL01$h1800
=CAT  \\$aIPL-CLA$c20161230$lBLL01$h2113
=CAT  \\$aBATCH-CLA$b00$c20171222$lBLL01$h2120
=CAT  \\$aIPL-CLA$c20171231$lBLL01$h1622
=CAT  \\$aBATCH-CLA$b00$c20191219$lBLL01$h1729
=CAT  \\$aIPL-CLA$c20191231$lBLL01$h1922
=CAT  \\$aR2001-1524$c20200127$lBLL01$h2001
=CAT  \\$aBATCH-CLA$b00$c20201204$lBLL01$h1529
=CAT  \\$aIPL-CLA$c20201231$lBLL01$h2145
=CAT  \\$aBATCH-CLA$b00$c20221221$lBLL01$h1836
=CAT  \\$aIPL-CLA$c20221231$lBLL01$h2048
=CFI  0\$aCurrent Copyright Fee: GBP25.00$c0$e01-jan-2023$fGBP25.00$g0$hA$5Uk
=CFI  2\$aPrevious Copyright Fee: GBP22.50$c0$e01-jan-2021$fGBP22.50$g0$hA$5Uk
=FIN  \\$aY
=FMT  \\$a  SE
=LAS  \\$aIPL-CLA$b00$c20221231$lBLL01$h2048
=LEO  \\$aMP5.0000011447
=LEO  \\$aMP22.0000067404
=LEO  \\$aMP25.0000356056
=LEO  \\$aMP10.0000629034
=SRC  \\$aBNB03$bbibmp5.200404.2.aa
=SRC  \\$aISN01$bbibmp22.200404.2.aa
=SRC  \\$aSRI01$bbibmp25.200404.2.aa
=SRC  \\$aDSS01$bbibmp10.200404.2.aa
=SSD  \\$a25500{dollar}aIssue 1 (Mar. 2002)-; 74510{dollar}a3D
=TCO  \\$aCLA$bCLA$c008

