=LDR  07850cas a2201501 a 4500
=001  012447075
=003  Uk
=005  20211231171648.0
=007  ta
=008  040416d19841993xxumr\p\\\\\\\0\\\a0eng\\
=019  0\$as52481600x
=022  \\$a0740-3232
=040  \\$aUk$cUk$dUk
=082  04$a535$221
=084  \\$aQL 50$2blsrissc
=210  0\$aJ. Opt. Soc. Am., A, Opt. image sci.
=222  \0$aJournal of the Optical Society of America. A, Optics and image science
=245  00$aJournal of the Optical Society of America.$nA,$pOptics and image science.
=246  30$aOptics and image science
=246  13$aJOSA A
=260  \\$aWashington, D.C.,$c1984-1993.
=300  \\$a10 v. :$bill. ;$c29 cm.
=310  \\$aMonthly
=336  \\$atext$2rdacontent
=337  \\$aunmediated$2rdamedia
=338  \\$avolume$2rdacarrier
=362  0\$aVol. 1, no. 1 (Jan. 1984)-v. 10, no. 7 (July 1993).
=510  2\$aChemical abstracts$x0009-2258$b1984-
=540  \\$aCurrent Copyright Fee: GBP21.90$c0$5Uk
=650  \0$aOptics$vPeriodicals.
=650  \0$aImaging systems$vPeriodicals.
=710  2\$aOptical Society of America.
=780  01$tJournal of the Optical Society of America (1930)$x0030-3941
=785  00$tJournal of the Optical Society of America. A, Optics, image science, and vision.$x1084-7529
=787  0\$tOptics index
=852  49$aBritish Library$bDSC$3See shelfmark 4837.010100 for vol. 1, 1984-
=852  71$aBritish Library$bSTI$k(P)$hQL 50$m-E(4)$2blsrissc$3Vol. 1 (1984)- vol.10, no.7 (1993)
=886  2\$2blmarc$a029$b00$aS05937800X$as524816018
=945  \\$aJournal of the Optical Society of America. A, Optics and image science
=985  \\$aRecord merged by DQ team
=A02  \\$a1417187$z17187
=ACF  \\$aPrevious Copyright Fee: GBP14.19$c0$e01-apr-2012$fGBP14.19$g0$hC$5Uk
=ACF  \\$aPrevious Copyright Fee: GBP13.20$c0$e01-jan-2012$fGBP13.20$g0$hC$5Uk
=ACF  \\$aPrevious Copyright Fee: GBP13.20$c0$e01-oct-2011$fGBP13.20$g0$hC$5Uk
=ACF  \\$aPrevious Copyright Fee: GBP13.20$c0$e01-jul-2011$fGBP13.20$g0$hC$5Uk
=ACF  \\$aPrevious Copyright Fee: GBP13.20$c0$e01-apr-2011$fGBP13.20$g0$hC$5Uk
=ACF  \\$aPrevious Copyright Fee: GBP13.20$c0$e01-jan-2011$fGBP13.20$g0$hC$5Uk
=ACF  \\$aPrevious Copyright Fee: GBP13.20$c0$e01-oct-2010$fGBP13.20$g0$hC$5Uk
=ACF  \\$aPrevious Copyright Fee: GBP13.20$c0$e01-jul-2010$fGBP13.20$g0$hC$5Uk
=ACF  \\$aPrevious Copyright Fee: GBP13.20$c0$e01-apr-2010$fGBP13.20$g0$hC$5Uk
=ACF  \\$aPrevious Copyright Fee: GBP13.20$c0$e01-Jan-2010$fGBP13.20$g0$hC$5Uk
=ACF  \\$aPrevious Copyright Fee: GBP13.20$c0$e01-oct-2009$fGBP13.20$g0$hC$5Uk
=ACF  \\$aPrevious Copyright Fee: GBP15.71$c0$e01-jul-2009$fGBP15.71$g0$hC$5Uk
=ACF  \\$aPrevious Copyright Fee: GBP15.71$c0$e01-apr-2009$fGBP15.71$g0$hC$5Uk
=ACF  \\$aPrevious Copyright Fee: GBP13.75$c0$e01-jan-2009$fGBP13.75$g0$hC$5Uk
=ACF  \\$aPrevious Copyright Fee: GBP11.00$c0$e01-oct-2008$fGBP11.00$g0$hC$5Uk
=ACF  \\$aPrevious Copyright Fee: GBP11.00$c0$e01-jul-2008$fGBP11.00$g0$hC$5Uk
=ACF  \\$aPrevious Copyright Fee: GBP11.00$c0$e01-apr-2008$fGBP11.00$g0$hC$5Uk
=ACF  \\$aPrevious Copyright Fee: GBP11.00$c0$e01-jan-2008$fGBP11.00$g0$hC$5Uk
=ACF  \\$aPrevious Copyright Fee: GBP11.00$c0$e01-oct-2007$fGBP11.00$g0$hC$5Uk
=ACF  \\$aPrevious Copyright Fee: GBP11.00$c0$e01-jul-2007$fGBP11.00$g0$hC$5Uk
=ACF  \\$aPrevious Copyright Fee: GBP11.28$c0$e01-apr-2007$fGBP11.28$g0$hC$5Uk
=ACF  \\$aPrevious Copyright Fee: GBP11.89$c0$e01-jan-2007$fGBP11.89$g0$hC$5Uk
=ACF  \\$aPrevious Copyright Fee: GBP11.89$c0$e01-oct-2006$fGBP11.89$g0$hC$5Uk
=ACF  \\$aPrevious Copyright Fee: GBP12.57$c0$e01-jul-2006$fGBP12.57$g0$hC$5Uk
=ACF  \\$aPrevious Copyright Fee: GBP12.57$c0$e01-apr-2006$fGBP12.57$g0$hC$5Uk
=ACF  \\$aPrevious Copyright Fee: GBP12.22$c0$e01-jan-2006$fGBP12.22$g0$hC$5Uk
=ACF  \\$aPrevious Copyright Fee: GBP10.81$c0$e01-oct-2005$fGBP10.81$g0$hC$5Uk
=ACF  \\$aPrevious Copyright Fee: GBP10.81$c0$e01-jul-2005$fGBP10.81$g0$hC$5Uk
=ACF  \\$aPrevious Copyright Fee: GBP10.81$c0$e01-apr-2005$fGBP10.81$g0$hC$5Uk
=ACF  \\$aPrevious Copyright Fee: GBP11.11$c0$e01-jan-2005$fGBP11.11$g0$hC$5Uk
=ACF  \\$aPrevious Copyright Fee: GBP10.81$c0$e01-oct-2004$fGBP10.81$g0$hC$5Uk
=ACF  \\$aPrevious Copyright Fee: GBP13.33$c0$e01-jul-2012$fGBP13.33$g0$hC$5Uk
=ACF  \\$aPrevious Copyright Fee: GBP19.35$c0$e01-oct-2012$fGBP19.35$g0$hC$5Uk
=ACF  \\$aPrevious Copyright Fee: GBP18.75$c0$e01-jan-2013$fGBP18.75$g0$hC$5Uk
=ACF  \\$aPrevious Copyright Fee: GBP19.35$c0$e01-jul-2013$fGBP19.35$g0$hC$5Uk
=ACF  \\$aPrevious Copyright Fee: GBP18.00$c0$e01-oct-2013$fGBP18.00$g0$hC$5Uk
=ACF  \\$aPrevious Copyright Fee: GBP18.75$c0$e01-jan-2014$fGBP18.75$g0$hC$5Uk
=ACF  \\$aPrevious Copyright Fee: GBP18.18$c0$e01-jul-2014$fGBP18.18$g0$hC$5Uk
=ACF  \\$aPrevious Copyright Fee: GBP20.00$c0$e01-apr-2015$fGBP20.00$g0$hC$5Uk
=ACF  \\$aPrevious Copyright Fee: GBP19.35$c0$e01-oct-2015$fGBP19.35$g0$hC$5Uk
=ACF  \\$aPrevious Copyright Fee: GBP20.69$c0$e01-apr-2016$fGBP20.69$g0$hC$5Uk
=ACF  \\$aPrevious Copyright Fee: GBP22.22$c0$e01-oct-2016$fGBP22.22$g0$hC$5Uk
=ACF  \\$aPrevious Copyright Fee: GBP24.00$c0$e01-apr-2017$fGBP24.00$g0$hC$5Uk
=ACF  \\$aPrevious Copyright Fee: GBP22.80$c0$e01-oct-2017$fGBP22.80$g0$hC$5Uk
=ACF  \\$aPrevious Copyright Fee: GBP23.08$c0$e01-jan-2018$fGBP23.08$g0$hC$5Uk
=ACF  \\$aPrevious Copyright Fee: GBP21.43$c0$e01-apr-2018$fGBP21.43$g0$hC$5Uk
=ACF  \\$aPrevious Copyright Fee: GBP23.08$c0$e01-oct-2018$fGBP23.08$g0$hC$5Uk
=ACF  \\$aPrevious Copyright Fee: GBP24.00$c0$e01-oct-2019$fGBP24.00$g0$hC$5Uk
=ACF  \\$aPrevious Copyright Fee: GBP23.08$c0$e01-apr-2020$fGBP23.08$g0$hC$5Uk
=ACF  \\$aPrevious Copyright Fee: GBP24.00$c0$e01-jul-2020$fGBP24.00$g0$hC$5Uk
=ACF  \\$aPrevious Copyright Fee: GBP22.33$c0$e01-apr-2021$fGBP22.33$g0$hC$5Uk
=ACF  \\$aPrevious Copyright Fee: GBP21.67$c0$e01-jul-2021$fGBP21.67$g0$hC$5Uk
=CAT  \\$aCONV$b00$c20040425$lBLL90$h0713
=CAT  \\$aIPL-CLA$c20160930$lBLL01$h1559
=CAT  \\$aBATCH-CLA$b00$c20170228$lBLL01$h1631
=CAT  \\$aIPL-CLA$c20170331$lBLL01$h1841
=CAT  \\$aBATCH-CLA$b00$c20170831$lBLL01$h1629
=CAT  \\$aIPL-CLA$c20170929$lBLL01$h1725
=CAT  \\$aBATCH-CLA$b00$c20171130$lBLL01$h1708
=CAT  \\$aIPL-CLA$c20171231$lBLL01$h1624
=CAT  \\$aBATCH-CLA$b00$c20180228$lBLL01$h1643
=CAT  \\$aIPL-CLA$c20180331$lBLL01$h1616
=CAT  \\$aBATCH-CLA$b00$c20180831$lBLL01$h1628
=CAT  \\$aIPL-CLA$c20180930$lBLL01$h1500
=CAT  \\$aBATCH-CLA$b00$c20190909$lBLL01$h1719
=CAT  \\$aIPL-CLA$c20190930$lBLL01$h1635
=CAT  \\$aBATCH-CLA$b00$c20200228$lBLL01$h1632
=CAT  \\$aIPL-CLA$c20200331$lBLL01$h1612
=CAT  \\$aBATCH-CLA$b00$c20200529$lBLL01$h1537
=CAT  \\$aIPL-CLA$c20200701$lBLL01$h0053
=CAT  \\$aBATCH-CLA$b00$c20210227$lBLL01$h1014
=CAT  \\$aIPL-CLA$c20210331$lBLL01$h1841
=CAT  \\$aBATCH-CLA$b00$c20210528$lBLL01$h1527
=CAT  \\$aIPL-CLA$c20210704$lBLL01$h1116
=CAT  \\$aBATCH-CLA$b00$c20210917$lBLL01$h1605
=CAT  \\$aIPL-CLA$c20210930$lBLL01$h1648
=CAT  \\$aBATCH-CLA$b00$c20211203$lBLL01$h0817
=CAT  \\$aIPL-CLA$c20211231$lBLL01$h1716
=CFI  0\$aCurrent Copyright Fee: GBP21.90$c0$e01-jan-2022$fGBP21.90$g0$hC$5Uk
=CFI  2\$aPrevious Copyright Fee: GBP21.29$c0$e01-oct-2021$fGBP21.29$g0$hC$5Uk
=FIN  \\$aY$d20090922
=FMT  \\$a  SE
=LAS  \\$aIPL-CLA$b00$c20211231$lBLL01$h1716
=LEO  \\$aMP25.0000215847
=SRC  \\$aSRI01$bbibmp25.200404.2.aa
=SRC  \\$aDSS03$bbibsr.200404.2.aa
=TCO  \\$aTRS$bCCC$c008

