=LDR  02961 as a22007933  4500
=001  012447541
=003  Uk
=005  20120214122650.0
=007  co||||||||||||
=008  001128d1995200uenkqr\\\q\\\\\0\\\a0eng\\
=015  \\$aGBA069459$2bnb
=019  y\$abA069459
=019  9\$abA069459
=019  0\$as66227900x
=022  0\$a1359-2971$202
=039  0\$a2617
=040  \\$aUk$cUk$dUk
=042  \\$aissnuk
=082  04$a338.476640094105$221
=084  \\$aHP 00$2blsrissc
=210  0\$aNewFoods$b(Oxford. CD-ROM)
=222  \0$aNewFoods$b(Oxford. CD-ROM)
=245  00$aNewFoods :$bthe UK new product database and visual guide on CD-ROM.
=246  3\$aNew foods
=260  \\$aOxford :$bBlackwell Science,$c1995-
=300  \\$acomputer optical discs :$bcol. ;$c4 3/4 in.
=310  \\$aQuarterly
=336  \\$atext$2rdacontent
=337  \\$acomputer$2rdamedia
=338  \\$acomputer disc$2rdacarrier
=362  0\$a[1995?]-
=500  \\$aDatabase of new food products with colour picture, product description, price, manufacturer, retailer, product ingredients and nutritional information.
=500  \\$aCompiled by Campden & Chorleywood Food Research Association.
=500  \\$aTitle from title screen.
=500  \\$aDescription based on: Issue 8:1 (Aug. 2000)
=530  \\$aAlso available online.
=538  \\$aSystem requirements: IBM compatible PC; 8MB RAM (16MB recommended); Windows 3.1 or later; 4MB free hard disk space (20MB recommended)
=597  \\$aEnhanced$bSRIS DDC
=650  \0$aFood$zGreat Britain$vPictorial works$vDatabases.
=650  \0$aFood industry and trade$zGreat Britain$vDatabases.
=650  \0$aNew products$zGreat Britain$vPictorial works$vDatabases.
=650  \0$aNew products$zGreat Britain$vDatabases.
=690  7\$aManagement and Business Studies$2blcoll
=710  2\$aCampden & Chorleywood Food Research Association.
=776  0\$tNewFoods (Oxford. Online)$x1472-5460
=852  71$aBritish Library$bSTI$k(TP)$hHP 00$m-E(82) Enquiry desk$2blsrissc$32000- ; Issue 8:1-
=852  41$aBritish Library$bSTI$3AUG 2000, VOL 8 ISSUE 1.
=957  \\$a001101c
=985  \\$aRecord merged by DQ team
=A02  \\$a1447514$z47514
=CAT  \\$aCONV$b00$c20040425$lBLL90$h0713
=CAT  \\$aCONV$b00$c20040502$lBLL01$h1509
=CAT  \\$aBATCH$b00$c20091210$lBLL01$h2336
=CAT  \\$aBATCH$b00$c20091214$lBLL01$h0847
=CAT  \\$aBATCH$b00$c20091216$lBLL01$h0221
=CAT  \\$aBLSS-CORR$b00$c20101119$lBLL01$h1723
=CAT  \\$a8201$b40$c20120214$lBLL01$h1226
=CAT  \\$aWR14_140$c20140905$lBLL01$h1800
=FIN  \\$aY
=FMT  \\$a  SE
=LAS  \\$aWR14_140$b00$c20140905$lBLL01$h1800
=LEO  \\$aMP5.0001460432
=LEO  \\$aMP22.0000047337
=LEO  \\$aMP25.0000343675
=SRC  \\$aDSS03$bbibsr.200404.2.aa
=SRC  \\$aBNB03$bbibmp5.200404.2.ac
=SRC  \\$aISN01$bbibmp22.200404.2.aa
=SRC  \\$aSRI01$bbibmp25.200404.2.aa
=TCO  \\$aCLA$bCLA$c008

