=LDR  03426cas a2200829 a 4500
=001  012748726
=003  Uk
=005  20221231205222.0
=007  ta
=008  741205d1949196ugw\mr\p\\\\\\\0\\\\0ger\\
=019  0\$as098209000
=022  0\$a0373-3300
=040  \\$aUk$cUk$dUk
=082  04$a621.8$221
=084  \\$aST 50$2blsrissc
=245  00$aKonstruktion.
=260  \\$aBerlin :$bSpringer,$c1949-1956.
=300  \\$c30cm.
=336  \\$atext$2rdacontent
=337  \\$aunmediated$2rdamedia
=338  \\$avolume$2rdacarrier
=500  \\$aOrgan of the Verein Deutscher Ingenieure, Fachgruppe Konstruktion.
=540  \\$aCurrent Copyright Fee: GBP25.00$c0$5Uk
=650  \0$aMechanical engineering$vPeriodicals.
=650  \0$aMachinery industry$vPeriodicals.
=710  2\$aVDI-Gesellschaft Konstruktion und Entwicklung.
=785  00$tKonstruktion im Maschinen- Apparate- und Gerätebau$x0023-3625
=852  49$aBritish Library$bDSC$3See shelfmark 5112.000000 for jg. 1, 1949- 44, 1992
=852  71$aBritish Library$bSTI$k(P)$hST 50$m-G(2)$2blsrissc$31956-999; Jahrg.8; Jahrg.33-
=968  \\$bx
=985  \\$aVerein Deutscher Ingenieure. Fachgruppe Konstruktion in BLL12 only
=ACF  \\$aPrevious Copyright Fee: GBP16.00$c0$e01-oct-2008$fGBP16.00$g0$hC$5Uk
=ACF  \\$aPrevious copyright fee: GBP10.50$c0$e01-jan-2011$fGBP10.50$g0$hA$5Uk
=ACF  \\$aPrevious copyright fee: GBP12.00$c0$e01-jan-2012$fGBP12.00$g0$hA$5Uk
=ACF  \\$aPrevious Copyright Fee: GBP12.30$c0$e01-jan-2014$fGBP12.30$g0$hA$5Uk
=ACF  \\$aPrevious Copyright Fee: GBP15.00$c0$e01-jan-2017$fGBP15.00$g0$hA$5Uk
=ACF  \\$aPrevious Copyright Fee: GBP17.50$c0$e01-jan-2018$fGBP17.50$g0$hA$5Uk
=ACF  \\$aPrevious Copyright Fee: GBP20.00$c0$e01-jan-2020$fGBP20.00$g0$hA$5Uk
=CAT  \\$aCONV$b00$c20040425$lBLL90$h0851
=CAT  \\$aCONV$b00$c20040502$lBLL01$h1519
=CAT  \\$a8201$b40$c20080205$lBLL01$h1440
=CAT  \\$aBATCH-CLA$b00$c20080829$lBLL01$h1843
=CAT  \\$aBATCH-UPD$b00$c20081001$lBLL01$h0008
=CAT  \\$aBATCH$b00$c20081001$lBLL01$h0125
=CAT  \\$a5100$b40$c20090723$lBLL01$h0749
=CAT  \\$aBATCH$b00$c20091211$lBLL01$h0010
=CAT  \\$aBATCH-UPD$b00$c20101201$lBLL01$h1248
=CAT  \\$aIPL-CLA$c20101231$lBLL01$h1510
=CAT  \\$aWR11_203$c20111204$lBLL01$h1507
=CAT  \\$aIPL-CLA$c20111230$lBLL01$h2016
=CAT  \\$aBATCH-CLA$b00$c20121109$lBLL01$h1732
=CAT  \\$aBATCH-CLA$c20131220$lBLL01$h2025
=CAT  \\$aIPL-CLA$c20131231$lBLL01$h2332
=CAT  \\$aBATCH-CLA$b00$c20161222$lBLL01$h1802
=CAT  \\$aIPL-CLA$c20161230$lBLL01$h2119
=CAT  \\$aBATCH-CLA$b00$c20171222$lBLL01$h2122
=CAT  \\$aIPL-CLA$c20171231$lBLL01$h1627
=CAT  \\$aBATCH-CLA$b00$c20191219$lBLL01$h1730
=CAT  \\$aIPL-CLA$c20191231$lBLL01$h1925
=CAT  \\$aR2001-1524$c20200127$lBLL01$h2002
=CAT  \\$aBATCH-CLA$b00$c20201204$lBLL01$h1530
=CAT  \\$aIPL-CLA$c20201231$lBLL01$h2148
=CAT  \\$aBATCH-CLA$b00$c20221221$lBLL01$h1838
=CAT  \\$aIPL-CLA$c20221231$lBLL01$h2052
=CFI  0\$aCurrent Copyright Fee: GBP25.00$c0$e01-jan-2023$fGBP25.00$g0$hA$5Uk
=CFI  2\$aPrevious Copyright Fee: GBP22.50$c0$e01-jan-2021$fGBP22.50$g0$hA$5Uk
=FIN  \\$aY
=FMT  \\$a  SE
=LAS  \\$aIPL-CLA$b00$c20221231$lBLL01$h2052
=LEO  \\$aMP25.0000015987
=SRC  \\$aSRI01$bbibmp25.200404.2.aa
=TCO  \\$aDEU$bVG WORT$c008

