=LDR  04864cas a2201069 a 4500
=001  012748727
=003  Uk
=005  20221231205222.0
=007  ta
=008  781115d19571980gw\mrzp\\\\\\\0\\\b0ger\d
=019  0\$as098209019
=019  c\$a2097272
=022  0\$a0023-3625
=040  \\$aUk$cUk$dUk
=082  04$a621.05$222
=084  \\$aST 50$2blsrissc
=210  0\$aKonstr. Masch.- Appar.- Gerätebau
=222  \0$aKonstruktion im Maschinen- Apparate- und Gerätebau
=245  00$aKonstruktion im Maschinen-Apparate- und Gerätebau.
=260  \\$aBerlin :$bSpringer,$c1957-1980.
=300  \\$a24 v. :$bill. ;$c30 cm.
=310  \\$aMonthly
=336  \\$atext$2rdacontent
=337  \\$aunmediated$2rdamedia
=338  \\$avolume$2rdacarrier
=362  0\$aJahrg. 9 (1957)-32 (1980).
=500  \\$aTo Jahrg.25, Heft 7, 1973 organ of the Verein Deutscher Ingenieure, Fachgruppe Konstruktion and of the VDI-AWF Fachgruppe Getriebetechnik.
=500  \\$aFrom Jahrg.25, Heft 8, 1973 organ of the Gesellschaft Konstruktion und Entwicklung of the VDI.
=540  \\$aCurrent Copyright Fee: GBP25.00$c0$5Uk
=550  \\$a"Organ der VDI-Gesellschaft Konstruktion und Entwicklung."
=650  \0$aMechanical engineering$vPeriodicals.
=650  \0$aMachinery industry$vPeriodicals.
=710  2\$aVDI-Gesellschaft Konstruktion und Entwicklung.
=710  2\$aVDI-AWF Fachgruppe Getriebe technik.
=780  00$tKonstruktion$x0373-3300
=785  00$tKonstruktion (Berlin, Germany)$x0720-5953
=852  49$aBritish Library$bDSC$3See shelfmark 5112.000000 for jg. 1, 1949- 44, 1992
=852  71$aBritish Library$bSTI$k(P)$hST 50$m-G(2)$2blsrissc$31957-1980; Jahrg.9-32
=968  \\$bx
=985  \\$aVDI-AWF Fachgruppe Getriebe technik not in BLL10 or 12
=985  \\$aVerein Deutscher Ingenieure. Fachgruppe Konstruktion in BLL12 only
=985  \\$aRecord merged by DQ team
=ACF  \\$aPrevious Copyright Fee: GBP24.29$c0$e01-jul-2009$fGBP24.29$g0$hC$5Uk
=ACF  \\$aPrevious Copyright Fee: GBP24.29$c0$e01-apr-2009$fGBP24.29$g0$hC$5Uk
=ACF  \\$aPrevious Copyright Fee: GBP20.00$c0$e01-jan-2009$fGBP20.00$g0$hC$5Uk
=ACF  \\$aPrevious Copyright Fee: GBP16.00$c0$e01-oct-2008$fGBP16.00$g0$hC$5Uk
=ACF  \\$aPrevious Copyright Fee: GBP16.00$c0$e01-jul-2008$fGBP16.00$g0$hC$5Uk
=ACF  \\$aPrevious Copyright Fee: GBP16.00$c0$e01-apr-2008$fGBP16.00$g0$hC$5Uk
=ACF  \\$aPrevious copyright fee: GBP10.50$c0$e01-jan-2011$fGBP10.50$g0$hA$5Uk
=ACF  \\$aPrevious copyright fee: GBP12.00$c0$e01-jan-2012$fGBP12.00$g0$hA$5Uk
=ACF  \\$aPrevious Copyright Fee: GBP12.30$c0$e01-jan-2014$fGBP12.30$g0$hA$5Uk
=ACF  \\$aPrevious Copyright Fee: GBP15.00$c0$e01-jan-2017$fGBP15.00$g0$hA$5Uk
=ACF  \\$aPrevious Copyright Fee: GBP17.50$c0$e01-jan-2018$fGBP17.50$g0$hA$5Uk
=ACF  \\$aPrevious Copyright Fee: GBP20.00$c0$e01-jan-2020$fGBP20.00$g0$hA$5Uk
=CAT  \\$aCONV$b00$c20040425$lBLL90$h0851
=CAT  \\$aBATCH$b00$c20090401$lBLL01$h0211
=CAT  \\$aBATCH-CLA$b00$c20090529$lBLL01$h1730
=CAT  \\$aBATCH-UPD$b00$c20090701$lBLL01$h2013
=CAT  \\$aBATCH-UPD$b00$c20090701$lBLL01$h2041
=CAT  \\$aBATCH$b00$c20090701$lBLL01$h2102
=CAT  \\$a5100$b40$c20090723$lBLL01$h0749
=CAT  \\$aBATCH$b00$c20091211$lBLL01$h0010
=CAT  \\$aBATCH-UPD$b00$c20101201$lBLL01$h1248
=CAT  \\$aIPL-CLA$c20101231$lBLL01$h1510
=CAT  \\$aWR11_203$c20111204$lBLL01$h1507
=CAT  \\$aIPL-CLA$c20111230$lBLL01$h2016
=CAT  \\$aBATCH-CLA$b00$c20121109$lBLL01$h1732
=CAT  \\$aBATCH-CLA$c20131220$lBLL01$h2025
=CAT  \\$aIPL-CLA$c20131231$lBLL01$h2332
=CAT  \\$aBATCH-CLA$b00$c20161222$lBLL01$h1802
=CAT  \\$aIPL-CLA$c20161230$lBLL01$h2119
=CAT  \\$aBATCH-CLA$b00$c20171222$lBLL01$h2122
=CAT  \\$aIPL-CLA$c20171231$lBLL01$h1627
=CAT  \\$aBATCH-CLA$b00$c20191219$lBLL01$h1730
=CAT  \\$aIPL-CLA$c20191231$lBLL01$h1925
=CAT  \\$aR2001-1524$c20200127$lBLL01$h2002
=CAT  \\$aBATCH-CLA$b00$c20201204$lBLL01$h1530
=CAT  \\$aIPL-CLA$c20201231$lBLL01$h2148
=CAT  \\$aBATCH-CLA$b00$c20221221$lBLL01$h1838
=CAT  \\$aIPL-CLA$c20221231$lBLL01$h2052
=CFI  0\$aCurrent Copyright Fee: GBP25.00$c0$e01-jan-2023$fGBP25.00$g0$hA$5Uk
=CFI  2\$aPrevious Copyright Fee: GBP22.50$c0$e01-jan-2021$fGBP22.50$g0$hA$5Uk
=FIN  \\$aY
=FMT  \\$a  SE
=LAS  \\$aIPL-CLA$b00$c20221231$lBLL01$h2052
=LEO  \\$aMP10.0000334259
=LEO  \\$aMP25.0000015988
=LKR  \\$aPAR$b012748726$lBLL01$r78000$mKonstruktion im Maschinen- Apparate- und Gerätebau$nKonstruktion.
=LKR  \\$aPAR$b011115944$lBLL01$r78500$mKonstruktion im Maschinen- Apparate- und Gerätebau$nKONSTRUKTION.
=SRC  \\$aDSS01$bbibmp10.200404.2.aa
=SRC  \\$aSRI01$bbibmp25.200404.2.aa
=TCO  \\$aDEU$bVG WORT$c008

