=LDR  03830cas a22009017a 4500
=001  012748796
=003  Uk
=005  20221231205222.0
=007  ta
=008  010609d19511998gw\mrzp\\\\\\\0\\\b0ger\\
=019  0\$as098365002
=022  0\$a0043-0986
=040  \\$aUk$cUk$dUk
=084  \\$aSL 40$2blsrissc
=210  0\$aWasserwirtsch.-Wassertech.$b(Berlin, DDR)
=222  \0$aWasserwirtschaft-Wassertechnik$b(Berlin, DDR)
=245  00$aWasserwirtschaft-Wassertechnik.
=260  \\$aBerlin :$bVEB Verlag für Bauwesen,$c1955-86.
=300  \\$av.$bill.$c31 cm.
=310  \\$aMonthly
=336  \\$atext$2rdacontent
=337  \\$aunmediated$2rdamedia
=338  \\$avolume$2rdacarrier
=362  0\$a1.- Jahrg.; Juli 1951-
=540  \\$aCurrent Copyright Fee: GBP25.00$c0$5Uk
=550  \\$aIssued by Kammer der Technik.
=650  \0$aHydraulic engineering$vPeriodicals.
=710  2\$aKammer der Technik.
=770  0\$tVEB Wasserwirtschaft
=852  49$aBritish Library$bDSC$3See shelfmark 9266.500000 for JG. 1, 1951- *A=1
=852  71$aBritish Library$bSTI$k(P)$hSL 40$m-G(4)$2blsrissc$31955-1986; Jahrg. 5-36. ; Deficient: 1975, no.3, 11
=968  \\$bX
=ACF  \\$aPrevious Copyright Fee: GBP8.57$c0$e01-jul-2009$fGBP8.57$g0$hC$5Uk
=ACF  \\$aPrevious Copyright Fee: GBP8.57$c0$e01-apr-2009$fGBP8.57$g0$hC$5Uk
=ACF  \\$aPrevious Copyright Fee: GBP7.50$c0$e01-jan-2009$fGBP7.50$g0$hC$5Uk
=ACF  \\$aPrevious Copyright Fee: GBP6.00$c0$e01-oct-2008$fGBP6.00$g0$hC$5Uk
=ACF  \\$aPrevious Copyright Fee: GBP6.00$c0$e01-jul-2008$fGBP6.00$g0$hC$5Uk
=ACF  \\$aPrevious Copyright Fee: GBP6.00$c0$e01-apr-2008$fGBP6.00$g0$hC$5Uk
=ACF  \\$aPrevious copyright fee: GBP10.50$c0$e01-jan-2011$fGBP10.50$g0$hA$5Uk
=ACF  \\$aPrevious copyright fee: GBP12.00$c0$e01-jan-2012$fGBP12.00$g0$hA$5Uk
=ACF  \\$aPrevious Copyright Fee: GBP12.30$c0$e01-jan-2014$fGBP12.30$g0$hA$5Uk
=ACF  \\$aPrevious Copyright Fee: GBP15.00$c0$e01-jan-2017$fGBP15.00$g0$hA$5Uk
=ACF  \\$aPrevious Copyright Fee: GBP17.50$c0$e01-jan-2018$fGBP17.50$g0$hA$5Uk
=ACF  \\$aPrevious Copyright Fee: GBP20.00$c0$e01-jan-2020$fGBP20.00$g0$hA$5Uk
=CAT  \\$aCONV$b00$c20040425$lBLL90$h0851
=CAT  \\$aBATCH-UPD$b00$c20090401$lBLL01$h0041
=CAT  \\$aBATCH$b00$c20090401$lBLL01$h0211
=CAT  \\$aBATCH-CLA$b00$c20090529$lBLL01$h1715
=CAT  \\$aBATCH-UPD$b00$c20090701$lBLL01$h2013
=CAT  \\$aBATCH-UPD$b00$c20090701$lBLL01$h2041
=CAT  \\$aBATCH$b00$c20090701$lBLL01$h2102
=CAT  \\$aBATCH$b00$c20091211$lBLL01$h0010
=CAT  \\$aBATCH-UPD$b00$c20101201$lBLL01$h1248
=CAT  \\$aIPL-CLA$c20101231$lBLL01$h1510
=CAT  \\$aWR11_203$c20111204$lBLL01$h1507
=CAT  \\$aIPL-CLA$c20111230$lBLL01$h2016
=CAT  \\$aBATCH-CLA$b00$c20121109$lBLL01$h1732
=CAT  \\$aBATCH-CLA$c20131220$lBLL01$h2025
=CAT  \\$aIPL-CLA$c20131231$lBLL01$h2332
=CAT  \\$aBATCH-CLA$b00$c20161222$lBLL01$h1802
=CAT  \\$aIPL-CLA$c20161230$lBLL01$h2119
=CAT  \\$aBATCH-CLA$b00$c20171222$lBLL01$h2122
=CAT  \\$aIPL-CLA$c20171231$lBLL01$h1627
=CAT  \\$aBATCH-CLA$b00$c20191219$lBLL01$h1730
=CAT  \\$aIPL-CLA$c20191231$lBLL01$h1925
=CAT  \\$aR2001-1524$c20200127$lBLL01$h2002
=CAT  \\$aBATCH-CLA$b00$c20201204$lBLL01$h1530
=CAT  \\$aIPL-CLA$c20201231$lBLL01$h2148
=CAT  \\$aBATCH-CLA$b00$c20221221$lBLL01$h1838
=CAT  \\$aIPL-CLA$c20221231$lBLL01$h2052
=CFI  0\$aCurrent Copyright Fee: GBP25.00$c0$e01-jan-2023$fGBP25.00$g0$hA$5Uk
=CFI  2\$aPrevious Copyright Fee: GBP22.50$c0$e01-jan-2021$fGBP22.50$g0$hA$5Uk
=FIN  \\$aY
=FMT  \\$a  SE
=LAS  \\$aIPL-CLA$b00$c20221231$lBLL01$h2052
=LEO  \\$aMP25.0000016059
=SRC  \\$aSRI01$bbibmp25.200404.2.aa
=TCO  \\$aDEU$bVG WORT$c008

