=LDR  05813 as a2201165 a 4500
=001  012749771
=003  Uk
=005  20201231214826.0
=007  ta
=008  770405d19761976enktr\p\\\\\\\0\\\a0eng\\
=019  0\$as100448038
=022  0\$a0141-1683$202
=040  \\$aUk$cUk$dUk
=042  \\$aissnuk
=084  \\$aFY 790$2blsrissc
=210  0\$aJ. entomol., B Taxon. syst.
=222  \0$aJournal of entomology. Series B, Taxonomy & systematics
=245  00$aJournal of entomology.$nSeries B,$pTaxonomy & systematics.
=246  3\$aJournal of entomology.$nSeries B,$pTaxonomy and systematics.
=260  \\$aLondon :$bRoyal Entomological Society of London
=300  \\$av. ;$c25 cm.
=310  \\$aThree times a year
=336  \\$atext$2rdacontent
=337  \\$aunmediated$2rdamedia
=338  \\$avolume$2rdacarrier
=540  \\$aBritish Library not licensed to copy$c0$5Uk
=650  \0$aInsects$xClassification$vPeriodicals.
=650  \0$aEntomology$vPeriodicals.
=710  2\$aRoyal Entomological Society of London.
=776  08$iAlso issued online as:$tJournal of Entomology. Series B, Taxonomy & systematics$x2056-5275
=780  00$tJournal of entomology. Series B, Taxonomy$x0047-2417
=785  00$tSystematic entomology$x0307-6970
=852  49$aBritish Library$bDSC$3See shelfmark 4979.350000 for Vol. 44, 1976
=852  71$aBritish Library$bSTI$k(P)$hFY 790$m-E(2)$2blsrissc$3Vol. 44, 1976
=985  \\$aRecord merged by DQ team
=ACF  \\$aBritish Library not licensed to copy$c0$e01-apr-2012$hC$iCLA Excluded$5Uk
=ACF  \\$aBritish Library not licensed to copy$c0$e01-jan-2012$hC$iCLA Excluded$5Uk
=ACF  \\$aBritish Library not licensed to copy$c0$e01-oct-2011$hC$iCLA Excluded$5Uk
=ACF  \\$aBritish Library not licensed to copy$c0$e01-jul-2011$hC$iCLA Excluded$5Uk
=ACF  \\$aBritish Library not licensed to copy$c0$e01-apr-2011$hC$iCLA Excluded$5Uk
=ACF  \\$aBritish Library not licensed to copy$c0$e01-jan-2011$hC$iCLA Excluded$5Uk
=ACF  \\$aBritish Library not licensed to copy$c0$e01-oct-2010$hC$iCLA Excluded$5Uk
=ACF  \\$aBritish Library not licensed to copy$c0$e01-jul-2010$hC$iCLA Excluded$5Uk
=ACF  \\$aBritish Library not licensed to copy$c0$e01-apr-2010$hC$iCLA Excluded$5Uk
=ACF  \\$aBritish Library not licensed to copy$c0$e01-Jan-2010$hC$iCLA Excluded$5Uk
=ACF  \\$aBritish Library not licensed to copy$c0$e01-oct-2009$hC$iCLA Excluded$5Uk
=ACF  \\$aBritish Library not licensed to copy$c0$e01-jul-2009$hC$iCLA Excluded$5Uk
=ACF  \\$aBritish Library not licensed to copy$c0$e01-apr-2009$hC$iCLA Excluded$5Uk
=ACF  \\$aBritish Library not licensed to copy$c0$e01-jan-2009$hC$iCLA Excluded$5Uk
=ACF  \\$aBritish Library not licensed to copy$c0$e01-oct-2008$hC$iCLA Excluded$5Uk
=ACF  \\$aBritish Library not licensed to copy$c0$e01-jan-2006$hC$iCLA Excluded$5Uk
=ACF  \\$aPrevious Copyright Fee: GBP13.00$c0$e01-oct-2005$fGBP13.00$g0$hC$5Uk
=ACF  \\$aPrevious Copyright Fee: GBP13.00$c0$e01-jul-2005$fGBP13.00$g0$hC$5Uk
=ACF  \\$aPrevious Copyright Fee: GBP13.00$c0$e01-apr-2005$fGBP13.00$g0$hC$5Uk
=ACF  \\$aPrevious Copyright Fee: GBP13.00$c0$e01-jan-2005$fGBP13.00$g0$hC$5Uk
=ACF  \\$aPrevious Copyright Fee: GBP13.00$c0$e01-oct-2004$fGBP13.00$g0$hC$5Uk
=ACF  \\$aBritish Library not licensed to copy$c0$e01-jul-2012$hC$iCLA Excluded$5Uk
=ACF  \\$aBritish Library not licensed to copy$c0$e01-oct-2012$hC$iCFP Excluded$5Uk
=ACF  \\$aBritish Library not licensed to copy$c0$e01-jan-2013$hC$iCFP Excluded$5Uk
=ACF  \\$aBritish Library not licensed to copy$c0$e01-apr-2013$hC$iCFP Excluded$5Uk
=ACF  \\$aBritish Library not licensed to copy$c0$e01-jul-2013$hC$iCFP Excluded$5Uk
=ACF  \\$aBritish Library not licensed to copy$c0$e01-oct-2013$hC$iCFP Excluded$5Uk
=ACF  \\$aBritish Library not licensed to copy$c0$e01-jan-2014$hC$iCFP Excluded$5Uk
=CAT  \\$aCONV$b00$c20040425$lBLL90$h0851
=CAT  \\$aIPL-CLA$c20120330$lBLL01$h1433
=CAT  \\$aBATCH-CLA$b00$c20120531$lBLL01$h1717
=CAT  \\$aIPL-CLA$c20120629$lBLL01$h1032
=CAT  \\$aBATCH-CLA$b00$c20120831$lBLL01$h1545
=CAT  \\$aIPL-CLA$c20120930$lBLL01$h2117
=CAT  \\$aBATCH-CLA$b00$c20121109$lBLL01$h1732
=CAT  \\$aWR12_128$c20121113$lBLL01$h1827
=CAT  \\$aBATCH-CLA$b00$c20121130$lBLL01$h1236
=CAT  \\$aIPL-CLA$c20121231$lBLL01$h1310
=CAT  \\$aIPL-CLA$c20130102$lBLL01$h1728
=CAT  \\$aBATCH-CLA$b00$c20130228$lBLL01$h1711
=CAT  \\$aIPL-CLA$c20130331$lBLL01$h1054
=CAT  \\$a540_fix$c20130403$lBLL01$h2013
=CAT  \\$aBATCH-CLA$b00$c20130531$lBLL01$h1647
=CAT  \\$aIPL-CLA$c20130701$lBLL01$h0041
=CAT  \\$aBATCH-CLA$b00$c20130830$lBLL01$h1625
=CAT  \\$aIPL-CLA$c20130930$lBLL01$h1740
=CAT  \\$aBATCH-CLA$b00$c20131129$lBLL01$h1652
=CAT  \\$aIPL-CLA$c20131231$lBLL01$h2332
=CAT  \\$a11316$b40$c20140818$lBLL01$h1023
=CAT  \\$a11316$b40$c20140818$lBLL01$h1116
=CAT  \\$aBATCH-CLA$b00$c20200903$lBLL01$h1620
=CAT  \\$aIPL-CLA$c20200930$lBLL01$h1642
=CAT  \\$aBATCH-CLA$b00$c20201126$lBLL01$h1418
=CAT  \\$aIPL-CLA$c20201231$lBLL01$h2148
=CFI  0\$aBritish Library not licensed to copy$c0$e01-jan-2021$hC$iCFP Excluded$5Uk
=CFI  2\$aPrevious Copyright Fee: GBP20.00$c0$e01-oct-2020$fGBP20.00$g0$hC$5Uk
=FIN  \\$aY
=FMT  \\$a  SE
=LAS  \\$aIPL-CLA$b00$c20201231$lBLL01$h2148
=LEO  \\$aMP22.0000004349
=LEO  \\$aMP25.0000017130
=LKR  \\$aPAR$b010489396$lBLL01$r78000$mJournal of entomology. Series B. Taxonomy & systematics$nJournal of Entomology. Series B:Taxonomy
=SRC  \\$aISN01$bbibmp22.200404.2.aa
=SRC  \\$aSRI01$bbibmp25.200404.2.aa
=TCO  \\$aCLA$bCLA$c008

