=LDR  01543 as a2200457 a 4500
=001  012749945
=003  Uk
=005  20080208142713.0
=007  ta
=008  780307d19621971xxuer\p|||\\\|0\\\a0eng\\
=019  0\$as10076701x
=040  \\$aUk$cUk$dUk
=082  04$a621.3$221
=084  \\$aRK 00$2blsrissc
=245  00$aEDN :$bElectrical design news.
=260  \\$aDenver, Colo :$bRogers Publishing Co.,$c1962-1971.
=300  \\$c29 cm.
=310  \\$aBiweekly
=336  \\$atext$2rdacontent
=337  \\$aunmediated$2rdamedia
=338  \\$avolume$2rdacarrier
=500  \\$aTo vol.13, 1968, measures 29x29 cm.
=500  \\$aSubtitle ceases with vol.10, no.5, 1965.
=650  \0$aElectrical engineering$vPeriodicals.
=650  \0$aElectronics$vPeriodicals.
=780  00$tElectrical design news
=785  00$tEDN/EEE
=852  49$aBritish Library$bDSC$3See shelfmark 3661.094000
=852  71$aBritish Library$bSTI$k(P)$hRK 00$m-E(8)$2blsrissc$31962-1971; Vol.7, no.5 - vol.16, no.9. ; Deficient: vol.10, no.4, 1965; vol.15, no.11-24, 1970; vol.16, no.1-8, 1971
=CAT  \\$aCONV$b00$c20040425$lBLL90$h0851
=CAT  \\$aCONV$b00$c20040502$lBLL01$h1519
=CAT  \\$aglobal_upd$b40$c20060417$lBLL01$h1906
=CAT  \\$a8201$b40$c20080208$lBLL01$h1427
=CAT  \\$aBATCH$b00$c20091211$lBLL01$h0010
=CAT  \\$a11249$b40$c20100212$lBLL01$h1718
=FIN  \\$aY
=FMT  \\$a  SE
=LAS  \\$a11249$b40$c20100212$lBLL01$h1718
=LEO  \\$aMP25.0000017315
=SRC  \\$aSRI01$bbibmp25.200404.2.aa
=TCO  \\$aTRS$bCCC$c008

