=LDR  06186cas a2201237ua 4500
=001  012750760
=003  Uk
=005  20211231171653.0
=007  ta
=008  840221d19581969xxumr\p\\\\\\\0\\\a0eng\\
=019  0\$as102087008
=019  c\$a2170273
=022  0\$a0543-5722
=040  \\$aUk$cUk$dUk
=084  \\$aN 00$2blsrissc
=210  0\$aTrans. Metall. Soc. AIME
=222  \0$aTransactions of the Metallurgical Society of AIME
=245  00$aTransactions of the Metallurgical Society of AIME.
=260  \\$aNew York :$bAmerican Institute of Mining, Metallurgical, and Petroleum Engineers
=300  \\$av. :$bill. ;$c29 cm.
=310  \\$aMonthly
=336  \\$atext$2rdacontent
=337  \\$aunmediated$2rdamedia
=338  \\$avolume$2rdacarrier
=362  0\$aVol. 212 (Feb. 1958)-v. 245 (Dec. 1969).
=515  \\$aCarries vol. numbering of the Transactions of the American Institute of Mining, Metallurgical, and Petroleum Engineers, alternating vol. numbering with transactions of the other component societies of the Institute.
=540  \\$aCurrent Copyright Fee: GBP5.11$c0$5Uk
=580  \\$aFormerly issued as the Transactions section of the Journal of metals.
=580  \\$aMerged with: A.S.M. transactions quarterly, ISSN 0097-3912, issued by: American Society for Metals, to form: Metallurgical transactions, ISSN 0026-086X.
=650  \0$aMetallurgy$vPeriodicals.
=710  2\$aMetallurgical Society of AIME.
=780  11$tJournal of metals$x0022-2674
=785  17$aAmerican Society for Metals.$tA.S.M. transactions quarterly$g1961-69$x0097-3912
=785  17$tMetallurgical transactions$x0026-086X
=852  49$aBritish Library$bDSC$3See 8891.270000
=852  71$aBritish Library$bSTI$k(P)$hN 00$m-E(64)$2blsrissc$3Vol. 209 (1957)-v. 245 (1969)
=852  71$aBritish Library$bSTI$k(P)$hN 00$m-E(3)$2blsrissc$31957
=963  \\$aCA/U-2 VOL. 212, 1958- 245, 1969 *A=1$bY
=964  \\$aVOL. 212, 1958- *A=1$c622/669$dQ$eTU23235
=968  \\$aC
=ACF  \\$aPrevious Copyright Fee: GBP4.52$c0$e01-apr-2012$fGBP4.52$g0$hC$5Uk
=ACF  \\$aPrevious Copyright Fee: GBP4.20$c0$e01-jan-2012$fGBP4.20$g0$hC$5Uk
=ACF  \\$aPrevious Copyright Fee: GBP4.20$c0$e01-oct-2011$fGBP4.20$g0$hC$5Uk
=ACF  \\$aPrevious Copyright Fee: GBP4.20$c0$e01-jul-2011$fGBP4.20$g0$hC$5Uk
=ACF  \\$aPrevious Copyright Fee: GBP4.20$c0$e01-jan-2011$fGBP4.20$g0$hC$5Uk
=ACF  \\$aPrevious Copyright Fee: GBP4.20$c0$e01-oct-2010$fGBP4.20$g0$hC$5Uk
=ACF  \\$aPrevious Copyright Fee: GBP4.20$c0$e01-jul-2010$fGBP4.20$g0$hC$5Uk
=ACF  \\$aCurrent copyright fee: GBP4.40$c0$e01-jul-1998$fGBP4.40$g0$hA$5Uk
=ACF  \\$aCurrent copyright fee: GBP4.20$c0$e01-apr-1997$fGBP4.20$g0$hA$5Uk
=ACF  \\$aPrevious Copyright Fee: GBP4.24$c0$e01-jul-2012$fGBP4.24$g0$hC$5Uk
=ACF  \\$aPrevious Copyright Fee: GBP4.52$c0$e01-oct-2012$fGBP4.52$g0$hC$5Uk
=ACF  \\$aPrevious Copyright Fee: GBP4.38$c0$e01-jan-2013$fGBP4.38$g0$hC$5Uk
=ACF  \\$aPrevious Copyright Fee: GBP4.52$c0$e01-jul-2013$fGBP4.52$g0$hC$5Uk
=ACF  \\$aPrevious Copyright Fee: GBP4.20$c0$e01-oct-2013$fGBP4.20$g0$hC$5Uk
=ACF  \\$aPrevious Copyright Fee: GBP4.38$c0$e01-jan-2014$fGBP4.38$g0$hC$5Uk
=ACF  \\$aPrevious Copyright Fee: GBP4.24$c0$e01-jul-2014$fGBP4.24$g0$hC$5Uk
=ACF  \\$aPrevious Copyright Fee: GBP4.67$c0$e01-apr-2015$fGBP4.67$g0$hC$5Uk
=ACF  \\$aPrevious Copyright Fee: GBP4.52$c0$e01-oct-2015$fGBP4.52$g0$hC$5Uk
=ACF  \\$aPrevious Copyright Fee: GBP4.83$c0$e01-apr-2016$fGBP4.83$g0$hC$5Uk
=ACF  \\$aPrevious Copyright Fee: GBP5.19$c0$e01-oct-2016$fGBP5.19$g0$hC$5Uk
=ACF  \\$aPrevious Copyright Fee: GBP5.60$c0$e01-apr-2017$fGBP5.60$g0$hC$5Uk
=ACF  \\$aPrevious Copyright Fee: GBP5.32$c0$e01-oct-2017$fGBP5.32$g0$hC$5Uk
=ACF  \\$aPrevious Copyright Fee: GBP5.38$c0$e01-jan-2018$fGBP5.38$g0$hC$5Uk
=ACF  \\$aPrevious Copyright Fee: GBP5.00$c0$e01-apr-2018$fGBP5.00$g0$hC$5Uk
=ACF  \\$aPrevious Copyright Fee: GBP5.38$c0$e01-oct-2018$fGBP5.38$g0$hC$5Uk
=ACF  \\$aPrevious Copyright Fee: GBP5.60$c0$e01-oct-2019$fGBP5.60$g0$hC$5Uk
=ACF  \\$aPrevious Copyright Fee: GBP5.38$c0$e01-apr-2020$fGBP5.38$g0$hC$5Uk
=ACF  \\$aPrevious Copyright Fee: GBP5.60$c0$e01-jul-2020$fGBP5.60$g0$hC$5Uk
=ACF  \\$aPrevious Copyright Fee: GBP5.21$c0$e01-apr-2021$fGBP5.21$g0$hC$5Uk
=ACF  \\$aPrevious Copyright Fee: GBP5.06$c0$e01-jul-2021$fGBP5.06$g0$hC$5Uk
=CAT  \\$aCONV$b00$c20040425$lBLL90$h0851
=CAT  \\$aIPL-CLA$c20160930$lBLL01$h1559
=CAT  \\$aBATCH-CLA$b00$c20170228$lBLL01$h1628
=CAT  \\$aIPL-CLA$c20170331$lBLL01$h1841
=CAT  \\$aBATCH-CLA$b00$c20170831$lBLL01$h1628
=CAT  \\$aIPL-CLA$c20170929$lBLL01$h1725
=CAT  \\$aBATCH-CLA$b00$c20171130$lBLL01$h1707
=CAT  \\$aIPL-CLA$c20171231$lBLL01$h1627
=CAT  \\$aBATCH-CLA$b00$c20180228$lBLL01$h1642
=CAT  \\$aIPL-CLA$c20180331$lBLL01$h1616
=CAT  \\$aBATCH-CLA$b00$c20180831$lBLL01$h1628
=CAT  \\$aIPL-CLA$c20180930$lBLL01$h1500
=CAT  \\$aBATCH-CLA$b00$c20190909$lBLL01$h1716
=CAT  \\$aIPL-CLA$c20190930$lBLL01$h1636
=CAT  \\$aBATCH-CLA$b00$c20200228$lBLL01$h1631
=CAT  \\$aIPL-CLA$c20200331$lBLL01$h1612
=CAT  \\$aBATCH-CLA$b00$c20200529$lBLL01$h1530
=CAT  \\$aIPL-CLA$c20200701$lBLL01$h0053
=CAT  \\$aBATCH-CLA$b00$c20210227$lBLL01$h1015
=CAT  \\$aIPL-CLA$c20210331$lBLL01$h1841
=CAT  \\$aBATCH-CLA$b00$c20210528$lBLL01$h1528
=CAT  \\$aIPL-CLA$c20210704$lBLL01$h1116
=CAT  \\$aBATCH-CLA$b00$c20210917$lBLL01$h1606
=CAT  \\$aIPL-CLA$c20210930$lBLL01$h1648
=CAT  \\$aBATCH-CLA$b00$c20211203$lBLL01$h0818
=CAT  \\$aIPL-CLA$c20211231$lBLL01$h1716
=CFI  0\$aCurrent Copyright Fee: GBP5.11$c0$e01-jan-2022$fGBP5.11$g0$hC$5Uk
=CFI  2\$aPrevious Copyright Fee: GBP4.97$c0$e01-oct-2021$fGBP4.97$g0$hC$5Uk
=FIN  \\$aY
=FMT  \\$a  SE
=LAS  \\$aIPL-CLA$b00$c20211231$lBLL01$h1716
=LEO  \\$aMP10.0000583141
=LEO  \\$aMP25.0000018286
=SRC  \\$aDSS01$bbibmp10.200404.2.aa
=SRC  \\$aSRI01$bbibmp25.200404.2.aa
=TCO  \\$aTRS$bCCC$c008

