=LDR  02137 as a2200577 a 4500
=001  012751573
=003  Uk
=005  20201124185629.0
=007  ta
=008  801125d19661967it\qr\p\\\\\\\0\\\b0ita\\
=019  0\$as103403035
=019  c\$a2108259
=022  \\$a0544-2648$l0544-2648
=040  \\$aUk$cUk$dUk
=041  0\$aita$beng$bfre
=082  04$a610.153$223
=084  \\$aGQ 20$2blsrissc
=210  0\$aMinerva fisiconucl., G. fis. sanit. prot. radiaz.
=222  \0$aMinerva fisiconucleare. Giornale di fisica sanitaria e protezione contro le radiazioni
=245  00$aMinerva fisiconucleare.
=246  13$aJournal of health physics and radiation protection
=260  \\$aTorino :$bEdizioni Minerva Medica,$c1966-1967.
=300  \\$av. :$bill. ;$c29 cm.
=310  \\$aQuarterly
=336  \\$atext$2rdacontent
=337  \\$aunmediated$2rdamedia
=338  \\$avolume$2rdacarrier
=500  \\$aOrgan of the Associazione italiana di fisica sanitaria e protezione contro le radiazioni.
=546  \\$aSome articles in English or French.
=650  \0$aMedical physics$vPeriodicals.
=650  \0$aRadiation$xSafety measures$vPeriodicals.
=710  2\$aAssociazione italiana di fisica sanitaria e protezione contro le radiazioni.
=785  00$tGiornale di fisica sanitaria e protezione contro le radiazioni$x1125-0690
=852  49$aBritish Library$bDSC$3See shelfmark 4177.950000
=852  71$aBritish Library$bSTI$k(P)$hGQ 20$m-F(4)$2blsrissc$3Vol. 10 (1966)-v. 11 (1967)
=968  \\$aC
=985  \\$aRecord merged by DQ team
=985  \\$aUpgraded by BSS-generated file for WR2011-1473
=CAT  \\$aCONV$b00$c20040425$lBLL90$h0851
=CAT  \\$aCONV$b00$c20040502$lBLL01$h1519
=CAT  \\$aglobal_upd$b40$c20060417$lBLL01$h1906
=CAT  \\$aBATCH$b00$c20091211$lBLL01$h0010
=CAT  \\$a8201$b40$c20130121$lBLL01$h1412
=CAT  \\$aW2011-1473$b00$c20201124$lBLL01$h1856
=FIN  \\$aY
=FMT  \\$a  SE
=LAS  \\$aW2011-1473$b00$c20201124$lBLL01$h1856
=LEO  \\$aMP10.0000374454
=LEO  \\$aMP25.0000019215
=SRC  \\$aSRI01$bbibmp25.200404.2.aa
=TCO  \\$aITA$bAIDRO / SIAE$c008

