=LDR  01627 as a2200445ua 4500
=001  012751753
=003  Uk
=005  20100312143241.0
=008  900501c19uu9999gw\a|\\\\\\\\\0\\\b0ger\\
=019  0\$as103719016
=040  \\$aUk$cUk
=084  \\$aSH 50$2blsrissc
=245  00$aO + P report.
=246  3\$aO-und-P-Report
=260  \\$aMainz :$bKrausskopf,
=300  \\$av. ;$c30 cm.
=336  \\$atext$2rdacontent
=337  \\$aunmediated$2rdamedia
=338  \\$avolume$2rdacarrier
=650  \0$aOil hydraulic machinery$vPeriodicals.
=650  \0$aPneumatic machinery$vPeriodicals.
=772  0\$tÖlhydraulik und Pneumatik$x0029-8697
=772  0\$tO + P$x0341-2660
=852  49$aBritish Library$bDSC$3See shelfmarmark 6255.155000 for 1970-
=852  71$aBritish Library$bSTI$k(P)$hSH 50$m-G(2)$2blsrissc$31975- ;***Earlier issues***(supplement to, and bound with: Up to 1975 "Ölhydraulik und pneumatik"; From 1976 "O+P. Ölhydraulik und pneumatik")
=CAT  \\$aCONV$b00$c20040425$lBLL90$h0851
=CAT  \\$aCONV$b00$c20040502$lBLL01$h1519
=CAT  \\$a8456$b40$c20070413$lBLL01$h1007
=CAT  \\$a8456$b40$c20070413$lBLL01$h1034
=CAT  \\$aBATCH$b00$c20091123$lBLL01$h0327
=CAT  \\$a8456$b40$c20100312$lBLL01$h1425
=CAT  \\$a8456$b40$c20100312$lBLL01$h1432
=FIN  \\$aY
=FMT  \\$a  SE
=LAS  \\$a8456$b40$c20100312$lBLL01$h1432
=LEO  \\$aMP25.0000019432
=LKR  \\$aPAR$b007182514$lBLL01$r772$mO + P report.$nO + P
=LKR  \\$aPAR$b007182518$lBLL01$r772$mO + P report.$nÖlhydraulik und Pneumatik
=SRC  \\$aSRI01$bbibmp25.200404.2.aa
=TCO  \\$aDEU$bVG WORT$c008

