=LDR  01527 as a2200469ua 4500
=001  012752800
=003  Uk
=005  20080214162058.0
=007  ta
=008  840320d19571970sz\qr\p\\\\\\\0\\\a0eng\\
=019  0\$as105487007
=022  \\$a0007-8395
=040  \\$aUk$cUk$dUk
=082  0\$a658.3
=084  \\$aAA 900$2blsrissc
=245  00$aCIBA journal.
=260  \\$aBasle, Switzerland,$bCIBA Ltd.
=300  \\$a55 no.$bill.$c30 cm.
=336  \\$atext$2rdacontent
=337  \\$aunmediated$2rdamedia
=338  \\$avolume$2rdacarrier
=362  0\$ano. 1-55; 1957-autumn 1970.
=650  \0$aPharmaceutical chemistry$vPeriodicals.
=650  \0$aPharmaceutical industry$vPeriodicals.
=650  \0$aPharmacy$vPeriodicals.
=690  7\$aManagement and Business Studies$2blcoll
=710  2\$aCIBA Limited.
=785  00$tCIBA-Geigy journal$gspring 1971-
=852  49$aBritish Library$bDSC$3See shelfmark 3190.900000 for No.1, 1957-55, 1970
=852  71$aBritish Library$bSTI$k(P)$hAA 900$m-E(2)$2blsrissc$3No.12, 1959-55, 1970***UKRR Retained Title
=985  \\$aRecord enhanced by DQ team
=CAT  \\$aCONV$b00$c20040425$lBLL90$h0851
=CAT  \\$aCONV$b00$c20040502$lBLL01$h1519
=CAT  \\$a8456$b40$c20080214$lBLL01$h1620
=CAT  \\$aBATCH$b00$c20090611$lBLL01$h1707
=CAT  \\$aBATCH$b00$c20091211$lBLL01$h0011
=FIN  \\$aY
=FMT  \\$a  SE
=LAS  \\$aBATCH$b00$c20091211$lBLL01$h0011
=LEO  \\$aMP25.0000020596
=SRC  \\$aSRI01$bbibmp25.200404.2.aa
=TCO  \\$aCHE$bPRO LITTERIS$c008

