=LDR  01785 as a2200517 a 4500
=001  012752993
=003  Uk
=005  20090604155611.0
=007  ta
=008  790213d19591972ke\qr\p\\\\\\\0\\\a0eng\\
=019  0\$as105876003
=022  \\$a0040-0335
=040  \\$aUk$cUk$dUk
=084  \\$aDY 79(T1)$2blsrissc
=130  0\$aTea (Nairobi)
=222  \0$aTea$b(Nairobi. 1959)
=245  10$aTea.
=260  \\$aNairobi :$bMonro Productions,$c1959-1972.
=300  \\$a12 v. :$bill. ;$c28 cm.
=310  \\$aQuarterly
=336  \\$atext$2rdacontent
=337  \\$aunmediated$2rdamedia
=338  \\$avolume$2rdacarrier
=362  0\$av. 1-12, no. 3; Oct. 1959-1971.
=500  \\$aPublisher varies.
=500  \\$aJournal of the Tea Boards of Kenya, Uganda and Tanganyika.
=580  \\$aContains news previously published in "Tea Research Institute of East Africa. Quarterly circular ... "
=650  \0$aTea$zAfrica, East$vPeriodicals.
=710  2\$aTea Board of Kenya.
=710  2\$aUganda Tea Board.
=710  2\$aTanganyika Tea Board.
=785  00$tTea in East Africa$x0377-6034
=852  49$aBritish Library$bDSC$3See shelfmark 8612.600000 for stock up to vol. 12, no. 3 (1971)
=852  71$aBritish Library$bSTI$k(P)$hDY 79$m(T1) -E(9)$2blsrissc$3Vol. 1 (1959)-v. 12, no. 3 (1972).***UKRR Retained Title
=CAT  \\$aCONV$b00$c20040425$lBLL90$h0851
=CAT  \\$aCONV$b00$c20040502$lBLL01$h1519
=CAT  \\$aglobal_upd$b40$c20060417$lBLL01$h1906
=CAT  \\$a8201$b40$c20090604$lBLL01$h1555
=CAT  \\$a8201$b40$c20090604$lBLL01$h1556
=CAT  \\$aBATCH$b00$c20091211$lBLL01$h0011
=FIN  \\$aY
=FMT  \\$a  SE
=LAS  \\$aBATCH$b00$c20091211$lBLL01$h0011
=LEO  \\$aMP25.0000020833
=SRC  \\$aSRI01$bbibmp25.200404.2.aa
=TCO  \\$aXXX$c008

