=LDR  04997 as a2201093 a 4500
=001  012754112
=003  Uk
=005  20100630143600.0
=007  ta
=008  840327d19601968xxuar\p\\\\\\\1\\\a0eng\\
=019  c\$a2060785
=019  0\$as107491001
=022  0\$a0074-8587
=040  \\$aUk$cUk$dUk
=082  04$a621.381505$222
=084  \\$aRK 70$2blsrissc
=111  2\$aInternational Solid-State Circuits Conference.
=210  0\$aDig. tech. pap. - Int. Solid-State Circuits Conf.
=222  \0$aDigest of technical papers - International Solid-State Circuits Conference
=245  10$aDigest of technical papers /$cInternational Solid-State Circuits Conference.
=260  \\$aNew York :$bWinner,$c1960-1968.
=300  \\$a9 v. :$bill. ;$c29 cm.
=310  \\$aAnnual
=336  \\$atext$2rdacontent
=337  \\$aunmediated$2rdamedia
=338  \\$avolume$2rdacarrier
=362  0\$a1960-1968.
=540  \\$aBritish Library not licensed to copy$c0$5Uk
=555  \\$aCumulative index.
=650  \0$aSemiconductors$vCongresses.
=650  \0$aIntegrated circuits$vCongresses.
=650  \0$aSolid state electronics$vCongresses.
=780  00$aSolid-State Circuits Conference.$tDigest of technical papers$x0277-7983
=785  00$tDigest of technical papers. IEEE International Solid State Circuits Conference$x0193-6530
=852  49$aBritish Library$bDSC$3See shelfmark 3588.320000
=852  71$aBritish Library$bSTI$k(P)$hRK 70$m-E(4)$2blsrissc$31961-1968; 1961-68.
=945  \\$aDIGEST OF TECHNICAL PAPERS OF INTERNATIONAL SOLID STATE CIRCUITS CONFERENCE.
=968  \\$aC
=985  \\$aRecord merged by DQ team
=ACF  \\$aPrevious Copyright Fee: GBP17.86$c0$e01-jul-2009$fGBP17.86$g0$hC$5Uk
=ACF  \\$aPrevious Copyright Fee: GBP17.86$c0$e01-apr-2009$fGBP17.86$g0$hC$5Uk
=ACF  \\$aPrevious Copyright Fee: GBP15.63$c0$e01-jan-2009$fGBP15.63$g0$hC$5Uk
=ACF  \\$aPrevious Copyright Fee: GBP12.50$c0$e01-oct-2008$fGBP12.50$g0$hC$5Uk
=ACF  \\$aPrevious Copyright Fee: GBP12.50$c0$e01-jul-2008$fGBP12.50$g0$hC$5Uk
=ACF  \\$aPrevious Copyright Fee: GBP12.50$c0$e01-apr-2008$fGBP12.50$g0$hC$5Uk
=ACF  \\$aPrevious Copyright Fee: GBP12.50$c0$e01-jan-2008$fGBP12.50$g0$hC$5Uk
=ACF  \\$aPrevious Copyright Fee: GBP12.50$c0$e01-oct-2007$fGBP12.50$g0$hC$5Uk
=ACF  \\$aPrevious Copyright Fee: GBP12.50$c0$e01-jul-2007$fGBP12.50$g0$hC$5Uk
=ACF  \\$aPrevious Copyright Fee: GBP12.82$c0$e01-apr-2007$fGBP12.82$g0$hC$5Uk
=ACF  \\$aPrevious Copyright Fee: GBP10.81$c0$e01-jan-2007$fGBP10.81$g0$hC$5Uk
=ACF  \\$aPrevious Copyright Fee: GBP10.81$c0$e01-oct-2006$fGBP10.81$g0$hC$5Uk
=ACF  \\$aPrevious Copyright Fee: GBP11.43$c0$e01-jul-2006$fGBP11.43$g0$hC$5Uk
=ACF  \\$aPrevious Copyright Fee: GBP11.43$c0$e01-apr-2006$fGBP11.43$g0$hC$5Uk
=ACF  \\$aPrevious copyright fee: GBP10.50$c0$e01-jan-2011$fGBP10.50$g0$hA$5Uk
=ACF  \\$aBritish Library not licensed to copy$c0$e07-sep-2011$hC$iTX$5Uk
=ACF  \\$aBritish Library not licensed to copy$c0$e01-jan-2013$hC$iCFP Excluded$5Uk
=ACF  \\$aBritish Library not licensed to copy$c0$e01-jul-2013$hC$iCFP Excluded$5Uk
=ACF  \\$aBritish Library not licensed to copy$c0$e01-oct-2013$hC$iCFP Excluded$5Uk
=CAT  \\$aCONV$b00$c20040425$lBLL90$h0851
=CAT  \\$aBATCH-UPD$b00$c20090401$lBLL01$h0042
=CAT  \\$aBATCH$b00$c20090401$lBLL01$h0212
=CAT  \\$aBATCH-CLA$b00$c20090529$lBLL01$h1705
=CAT  \\$aBATCH-UPD$b00$c20090701$lBLL01$h2013
=CAT  \\$aBATCH-UPD$b00$c20090701$lBLL01$h2041
=CAT  \\$aBATCH$b00$c20090701$lBLL01$h2102
=CAT  \\$aBATCH$b00$c20091123$lBLL01$h0328
=CAT  \\$a8201$b40$c20100630$lBLL01$h1436
=CAT  \\$aBATCH-UPD$b40$c20101201$lBLL01$h1248
=CAT  \\$aIPL-CLA$c20101231$lBLL01$h1511
=CAT  \\$aBATCH-UPD$b00$c20110907$lBLL01$h1825
=CAT  \\$aIPL-CLA$c20110908$lBLL01$h1740
=CAT  \\$aBATCH-CLA$b00$c20121109$lBLL01$h1732
=CAT  \\$aBATCH-CLA$b00$c20121130$lBLL01$h1236
=CAT  \\$aIPL-CLA$c20121231$lBLL01$h1311
=CAT  \\$aIPL-CLA$c20130102$lBLL01$h1729
=CAT  \\$aWR13.005$c20130322$lBLL01$h1917
=CAT  \\$aBATCH-CLA$b00$c20130531$lBLL01$h1649
=CAT  \\$aIPL-CLA$c20130701$lBLL01$h0041
=CAT  \\$aBATCH-CLA$b00$c20130830$lBLL01$h1625
=CAT  \\$aIPL-CLA$c20130930$lBLL01$h1740
=CAT  \\$aBATCH-CLA$b00$c20131129$lBLL01$h1652
=CAT  \\$aIPL-CLA$c20131231$lBLL01$h2333
=CAT  \\$aBATCH-CLA$b00$c20140530$lBLL01$h1708
=CAT  \\$aIPL-CLA$c20140630$lBLL01$h1719
=CFI  0\$aBritish Library not licensed to copy$c0$e01-jul-2014$hC$iCFP Excluded$5Uk
=CFI  2\$aBritish Library not licensed to copy$c0$e01-jan-2014$hC$iCFP Excluded$5Uk
=FIN  \\$aY
=FMT  \\$a  SE
=LAS  \\$aIPL-CLA$b00$c20140630$lBLL01$h1719
=LEO  \\$aMP10.0000188080
=LEO  \\$aMP25.0000022161
=SRC  \\$aDSS01$bbibmp10.200404.2.aa
=SRC  \\$aSRI01$bbibmp25.200404.2.aa
=TCO  \\$aTRS$bCCC$c008

