=LDR  01779 as a2200529 a 4500
=001  012754419
=003  Uk
=005  20090325110046.0
=007  ta
=008  860225d19561957enkar\p\\\\\\o0\\\a0eng\\
=019  0\$as10824900x
=019  c\$a2025148
=040  \\$aUk$cUk$dUk
=082  04$a621.3$222
=084  \\$aRD 22$2blsrissc
=110  1\$aGreat Britain.$bCentral Electricity Authority.
=245  10$aAnnual report and accounts /$cCentral Electricity Authority.
=246  18$aCentral Electricity Authority report & accounts
=260  \\$aLondon :$bHMSO,$c1958.
=300  \\$c25 cm.
=336  \\$atext$2rdacontent
=337  \\$aunmediated$2rdamedia
=338  \\$avolume$2rdacarrier
=362  0\$a1956/1957.
=610  20$aCentral Electricity Authority.
=650  \0$aElectric utilities$zGreat Britain.
=785  00$tReport and accounts / Central Electricity Authority
=852  49$aBritish Library$bDSC$3See shelfmark 7637.955000
=852  71$aBritish Library$bSTI$k(P)$hRD 22$m-E(21)$2blsrissc$31958-1958; 9th, 1956/57.
=968  \\$aC
=985  \\$aRecord merged by DQ team
=CAT  \\$aCONV$b00$c20040425$lBLL90$h0851
=CAT  \\$aCONV$b00$c20040502$lBLL01$h1519
=CAT  \\$a8964$b40$c20060717$lBLL01$h1456
=CAT  \\$a8201$b40$c20080805$lBLL01$h0931
=CAT  \\$a8201$b40$c20090325$lBLL01$h1057
=CAT  \\$a8201$b40$c20090325$lBLL01$h1100
=CAT  \\$aBATCH$b00$c20091211$lBLL01$h0011
=FIN  \\$aY
=FMT  \\$a  SE
=LAS  \\$aBATCH$b00$c20091211$lBLL01$h0011
=LEO  \\$aMP10.0000064596
=LEO  \\$aMP25.0000022519
=LKR  \\$aPAR$b012754420$lBLL01$r78500$mAnnual report and accounts /$nReport and accounts /
=SRC  \\$aDSS01$bbibmp10.200404.2.aa
=SRC  \\$aSRI01$bbibmp25.200404.2.aa
=TCO  \\$aCLA$bCLA$c008

