=LDR  05868cas a22012017a 4500
=001  012754766
=003  Uk
=005  20230210010142.0
=007  ta
=008  810804d19621968xxu\x\p\\\\\\\0\\\a0eng\\
=019  0\$as109046005
=022  \\$a0568-0123
=040  \\$aUk$cUk$dUk
=082  04$a615.1$221
=084  \\$aHD 80$2blsrissc
=084  \\$aER 00$2blsrissc
=130  0\$aAdvances in pharmacology (1962)
=210  0\$aAdv. pharmacol.
=222  \0$aAdvances in pharmacology
=245  10$aAdvances in pharmacology.
=260  \\$aSan Diego, Calif. :$bAcademic Press,$c1962-1968.
=300  \\$a6 v. :$bill. ;$c24 cm.
=310  \\$aIrregular
=336  \\$atext$2rdacontent
=337  \\$aunmediated$2rdamedia
=338  \\$avolume$2rdacarrier
=362  0\$av. 1-6 (1962-68).
=515  \\$aVol. 6 published in 2 parts: Part A: Biochemistry, localization and physiology, and Part B: Pharmacology, behavior and clinical aspects.
=540  \\$aCurrent Copyright Fee: GBP34.00$c0$5Uk
=580  \\$aMerged with: Advances in chemotherapy, to form: Advances in pharmacology and chemotherapy, ISSN 0065-3144.
=650  \0$aPharmacology.
=785  17$tAdvances in chemotherapy$x0567-9877
=785  17$tAdvances in pharmacology and chemotherapy$x0065-3144
=852  49$aBritish Library$bDSC$3See shelfmark 0709.760000 for Vol. 1, 1962- 6B, 1968
=852  71$aBritish Library$bSTI$k(P)$hHD 80$m-E(20)$2blsrissc$3Vol. 1 (1962)- 6 (1968)
=959  \\$fHeld but not currently received
=ACF  \\$aPrevious Copyright Fee: GBP21.00$c0$e01-apr-2012$fGBP21.00$g0$hC$5Uk
=ACF  \\$aPrevious Copyright Fee: GBP21.00$c0$e01-jan-2012$fGBP21.00$g0$hC$5Uk
=ACF  \\$aPrevious Copyright Fee: GBP20.00$c0$e01-oct-2011$fGBP20.00$g0$hC$5Uk
=ACF  \\$aPrevious Copyright Fee: GBP20.00$c0$e01-jul-2011$fGBP20.00$g0$hC$5Uk
=ACF  \\$aPrevious Copyright Fee: GBP20.00$c0$e01-apr-2011$fGBP20.00$g0$hC$5Uk
=ACF  \\$aPrevious Copyright Fee: GBP20.00$c0$e01-jan-2011$fGBP20.00$g0$hC$5Uk
=ACF  \\$aPrevious Copyright Fee: GBP20.00$c0$e01-oct-2010$fGBP20.00$g0$hC$5Uk
=ACF  \\$aPrevious Copyright Fee: GBP20.00$c0$e01-jul-2010$fGBP20.00$g0$hC$5Uk
=ACF  \\$aPrevious Copyright Fee: GBP20.00$c0$e01-apr-2010$fGBP20.00$g0$hC$5Uk
=ACF  \\$aPrevious Copyright Fee: GBP20.00$c0$e01-Jan-2010$fGBP20.00$g0$hC$5Uk
=ACF  \\$aPrevious Copyright Fee: GBP20.00$c0$e01-oct-2009$fGBP20.00$g0$hC$5Uk
=ACF  \\$aPrevious Copyright Fee: GBP20.00$c0$e01-jul-2009$fGBP20.00$g0$hC$5Uk
=ACF  \\$aPrevious Copyright Fee: GBP20.00$c0$e01-apr-2009$fGBP20.00$g0$hC$5Uk
=ACF  \\$aPrevious Copyright Fee: GBP20.00$c0$e01-jan-2009$fGBP20.00$g0$hC$5Uk
=ACF  \\$aPrevious Copyright Fee: GBP8.00$c0$e01-oct-2008$fGBP8.00$g0$hC$5Uk
=ACF  \\$aPrevious Copyright Fee: GBP8.00$c0$e01-jul-2008$fGBP8.00$g0$hC$5Uk
=ACF  \\$aPrevious Copyright Fee: GBP8.00$c0$e01-apr-2008$fGBP8.00$g0$hC$5Uk
=ACF  \\$aPrevious Copyright Fee: GBP5.20$c0$e01-jan-2008$fGBP5.20$g0$hC$5Uk
=ACF  \\$aPrevious Copyright Fee: GBP5.20$c0$e01-oct-2007$fGBP5.20$g0$hC$5Uk
=ACF  \\$aPrevious Copyright Fee: GBP18.00$c0$e01-jul-2007$fGBP18.00$g0$hC$5Uk
=ACF  \\$aPrevious Copyright Fee: GBP18.00$c0$e01-apr-2007$fGBP18.00$g0$hC$5Uk
=ACF  \\$aPrevious copyright fee: GBP18.00$c0$e18-jul-2006$fGBP18.00$g0$hC$5Uk
=ACF  \\$aPrevious Copyright Fee: GBP5.94$c0$e01-jul-2006$fGBP5.94$g0$hC$5Uk
=ACF  \\$aPrevious Copyright Fee: GBP18.00$c0$e01-jan-2006$fGBP18.00$g0$hC$5Uk
=ACF  \\$aPrevious Copyright Fee: GBP18.00$c0$e01-oct-2005$fGBP18.00$g0$hC$5Uk
=ACF  \\$aPrevious copyright fee: GBP18.00$c0$e28-jun-2005$fGBP18.00$g0$hC$5Uk
=ACF  \\$aPrevious Copyright Fee: GBP21.00$c0$e01-jul-2012$fGBP21.00$g0$hC$5Uk
=ACF  \\$aPrevious Copyright Fee: GBP21.00$c0$e01-oct-2012$fGBP21.00$g0$hC$5Uk
=ACF  \\$aPrevious Copyright Fee: GBP22.50$c0$e01-jan-2016$fGBP22.50$g0$hC$5Uk
=ACF  \\$aPrevious Copyright Fee: GBP23.40$c0$e01-jan-2018$fGBP23.40$g0$hC$5Uk
=ACF  \\$aPrevious Copyright Fee: GBP34.00$c0$e01-apr-2021$fGBP34.00$g0$hC$5Uk
=CAT  \\$aCONV$b00$c20040425$lBLL90$h0851
=CAT  \\$aBATCH-CLA$b00$c20101115$lBLL01$h1556
=CAT  \\$aIPL-CLA$c20101231$lBLL01$h1511
=CAT  \\$aBATCH-CLA$b00$c20110228$lBLL01$h1540
=CAT  \\$aIPL-CLA$c20110331$lBLL01$h1503
=CAT  \\$aBATCH-CLA$b00$c20110531$lBLL01$h1639
=CAT  \\$aIPL-CLA$c20110630$lBLL01$h1542
=CAT  \\$aBATCH-CLA$b00$c20110831$lBLL01$h1748
=CAT  \\$aIPL-CLA$c20110930$lBLL01$h1547
=CAT  \\$aBATCH-CLA$b00$c20111130$lBLL01$h1200
=CAT  \\$aIPL-CLA$c20111230$lBLL01$h2017
=CAT  \\$aBATCH-CLA$b00$c20120229$lBLL01$h1614
=CAT  \\$aIPL-CLA$c20120330$lBLL01$h1434
=CAT  \\$aBATCH-CLA$b00$c20120531$lBLL01$h1715
=CAT  \\$aIPL-CLA$c20120629$lBLL01$h1032
=CAT  \\$aBATCH-CLA$b00$c20120831$lBLL01$h1539
=CAT  \\$aIPL-CLA$c20120930$lBLL01$h2117
=CAT  \\$aBATCH-CLA$b00$c20121109$lBLL01$h1732
=CAT  \\$aBATCH-CLA$b00$c20151127$lBLL01$h1627
=CAT  \\$aIPL-CLA$c20151231$lBLL01$h1919
=CAT  \\$aBATCH-CLA$b00$c20171130$lBLL01$h1654
=CAT  \\$aIPL-CLA$c20171231$lBLL01$h1628
=CAT  \\$aBATCH-CLA$b00$c20210227$lBLL01$h1013
=CAT  \\$aIPL-CLA$c20210331$lBLL01$h1841
=CAT  \\$aBATCH-CLA$b00$c20221130$lBLL01$h1446
=CAT  \\$aIPL-CLA$c20221231$lBLL01$h2052
=CAT  \\$aBATCH-CLA$b00$c20230209$lBLL01$h1533
=CAT  \\$aIPL-CLA$c20230210$lBLL01$h0101
=CFI  0\$aCurrent Copyright Fee: GBP34.00$c0$e09-feb-2023$fGBP34.00$g0$hC$5Uk
=CFI  2\$aBritish Library not licensed to copy$c0$e01-jan-2023$hC$iCFP Excluded$5Uk
=FIN  \\$aY
=FMT  \\$a  SE
=LAS  \\$aIPL-CLA$b00$c20230210$lBLL01$h0101
=LEO  \\$aMP25.0000022901
=SRC  \\$aSRI01$bbibmp25.200404.2.aa
=TCO  \\$aTRS$bCCC$c008

