=LDR  01584 as a2200457 a 4500
=001  012755154
=003  Uk
=005  20071122170856.0
=007  ta
=008  840613d19611961fr\\|\p\\\\\\\0\\\a0eng\\
=019  0\$as110119002
=019  c\$a2024031
=040  \\$aUk$cUk$dUk
=084  \\$aPY 28(H)$2blsrissc
=110  2\$aOrganisation for European Economic Co-operation.
=245  10$aAnnual report - OEEC Halden Boiling Heavy Water Reactor Project.
=260  \\$aParis :$bEuropean Nuclear Energy Agency,$c1961.
=300  \\$c27cm.
=336  \\$atext$2rdacontent
=337  \\$aunmediated$2rdamedia
=338  \\$avolume$2rdacarrier
=710  2\$aEuropean Nuclear Energy Agency.
=710  2\$aHalden Boiling Heavy Water Reactor Project.
=785  00$aOrganisation for Economic Co-operation and Development$tOECD Halden Reactor Project annual report
=852  49$aBritish Library$bDSC$3See shelfmark 1382.340000 for stock
=852  71$aBritish Library$bSTI$k(P)$hPY 28$m(H) -E(1)$2blsrissc$32nd, 1959/60
=886  2\$2blmarc$a029$b00$aS110119010
=985  \\$aRecord merged by DQ team
=CAT  \\$aCONV$b00$c20040425$lBLL90$h0851
=CAT  \\$aCONV$b00$c20040502$lBLL01$h1519
=CAT  \\$a8456$b40$c20071122$lBLL01$h1705
=CAT  \\$a8456$b40$c20071122$lBLL01$h1708
=CAT  \\$aBATCH$b00$c20091211$lBLL01$h0011
=FIN  \\$aY
=FMT  \\$a  SE
=LAS  \\$aBATCH$b00$c20091211$lBLL01$h0011
=LEO  \\$aMP10.0000061793
=LEO  \\$aMP25.0000023340
=SRC  \\$aDSS01$bbibmp10.200404.2.aa
=SRC  \\$aSRI01$bbibmp25.200404.2.aa
=TCO  \\$aFRA$bCFC$c008

