=LDR  05356cas a2201189 a 4500
=001  012756073
=003  Uk
=005  20221231205253.0
=007  ta
=008  961203d19942002ja\qr\p\\\\\\\0\\\d0jpn\\
=019  0\$as112208029
=019  c\$a2496939
=022  0\$a1340-3494
=040  \\$aUk$cUk$dUk
=041  0\$ajpn$beng
=082  04$a572.567$223
=084  \\$aKD 50$2blsrissc
=222  \0$aOyo Toshitsu Kagaku
=245  00$aŌyō tōshitsu kagaku.
=246  31$aJournal of applied glycoscience
=260  \\$aTsukuba, Japan :$bNihon Ōyō Tōshitsu Kagakkai,$c1994-2002.
=300  \\$a9 v. :$bill. ;$c26 cm.
=336  \\$atext$2rdacontent
=337  \\$aunmediated$2rdamedia
=338  \\$avolume$2rdacarrier
=540  \\$aCurrent Copyright Fee: GBP25.00$c0$5Uk
=546  \\$aSome articles in English, with contents lists and summaries in English.
=595  \\$aSEE 4942.618.
=650  \0$aStarch$vPeriodicals.
=650  \0$aStarch industry$zJapan$vPeriodicals.
=710  2\$aNihon Ōyō Toshitsu Kagakkai.
=780  00$tDenpun kagaku$x0021-5406
=785  00$tJournal of applied glycoscience$x1344-7882
=852  49$aBritish Library$bDSC$3See shelfmark 4942.618000
=852  71$aBritish Library$bSTI$k(P)$hKD 50$m-X(1)$2blsrissc$31994- ; Vol.41-
=945  \\$aOYO TOSHITSU KAGAKU.
=957  \\$aD
=968  \\$bx
=985  \\$aRecord merged by DQ team
=ACF  \\$aPrevious Copyright Fee: GBP5.14$c0$e01-jul-2009$fGBP5.14$g0$hC$5Uk
=ACF  \\$aPrevious Copyright Fee: GBP5.14$c0$e01-apr-2009$fGBP5.14$g0$hC$5Uk
=ACF  \\$aPrevious Copyright Fee: GBP4.50$c0$e01-jan-2009$fGBP4.50$g0$hC$5Uk
=ACF  \\$aPrevious Copyright Fee: GBP3.60$c0$e01-oct-2008$fGBP3.60$g0$hC$5Uk
=ACF  \\$aPrevious Copyright Fee: GBP3.60$c0$e01-jul-2008$fGBP3.60$g0$hC$5Uk
=ACF  \\$aPrevious Copyright Fee: GBP3.60$c0$e01-apr-2008$fGBP3.60$g0$hC$5Uk
=ACF  \\$aPrevious Copyright Fee: GBP3.60$c0$e01-jan-2008$fGBP3.60$g0$hC$5Uk
=ACF  \\$aPrevious Copyright Fee: GBP3.60$c0$e01-oct-2007$fGBP3.60$g0$hC$5Uk
=ACF  \\$aPrevious Copyright Fee: GBP3.60$c0$e01-jul-2007$fGBP3.60$g0$hC$5Uk
=ACF  \\$aPrevious Copyright Fee: GBP3.69$c0$e01-apr-2007$fGBP3.69$g0$hC$5Uk
=ACF  \\$aPrevious Copyright Fee: GBP3.89$c0$e01-jan-2007$fGBP3.89$g0$hC$5Uk
=ACF  \\$aPrevious Copyright Fee: GBP3.89$c0$e01-oct-2006$fGBP3.89$g0$hC$5Uk
=ACF  \\$aPrevious Copyright Fee: GBP4.11$c0$e01-jul-2006$fGBP4.11$g0$hC$5Uk
=ACF  \\$aPrevious Copyright Fee: GBP4.11$c0$e01-apr-2006$fGBP4.11$g0$hC$5Uk
=ACF  \\$aPrevious Copyright Fee: GBP4.00$c0$e01-jan-2006$fGBP4.00$g0$hC$5Uk
=ACF  \\$aPrevious Copyright Fee: GBP3.89$c0$e01-oct-2005$fGBP3.89$g0$hC$5Uk
=ACF  \\$aPrevious Copyright Fee: GBP3.89$c0$e01-jul-2005$fGBP3.89$g0$hC$5Uk
=ACF  \\$aPrevious Copyright Fee: GBP3.89$c0$e01-apr-2005$fGBP3.89$g0$hC$5Uk
=ACF  \\$aPrevious Copyright Fee: GBP4.00$c0$e01-jan-2005$fGBP4.00$g0$hC$5Uk
=ACF  \\$aPrevious Copyright Fee: GBP3.89$c0$e01-oct-2004$fGBP3.89$g0$hC$5Uk
=ACF  \\$aPrevious copyright fee: GBP10.50$c0$e01-jan-2011$fGBP10.50$g0$hA$5Uk
=ACF  \\$aPrevious copyright fee: GBP12.00$c0$e01-jan-2012$fGBP12.00$g0$hA$5Uk
=ACF  \\$aPrevious Copyright Fee: GBP12.30$c0$e01-jan-2014$fGBP12.30$g0$hA$5Uk
=ACF  \\$aPrevious Copyright Fee: GBP15.00$c0$e01-jan-2017$fGBP15.00$g0$hA$5Uk
=ACF  \\$aPrevious Copyright Fee: GBP17.50$c0$e01-jan-2018$fGBP17.50$g0$hA$5Uk
=ACF  \\$aPrevious Copyright Fee: GBP20.00$c0$e01-jan-2020$fGBP20.00$g0$hA$5Uk
=CAT  \\$aCONV$b00$c20040425$lBLL90$h0851
=CAT  \\$aBATCH-UPD$b00$c20090701$lBLL01$h2013
=CAT  \\$aBATCH-UPD$b00$c20090701$lBLL01$h2041
=CAT  \\$aBATCH$b00$c20090701$lBLL01$h2102
=CAT  \\$aBATCH$b00$c20091123$lBLL01$h0328
=CAT  \\$aBATCH-UPD$b00$c20101201$lBLL01$h1249
=CAT  \\$aIPL-CLA$c20101231$lBLL01$h1511
=CAT  \\$aWR11_203$c20111204$lBLL01$h1507
=CAT  \\$aIPL-CLA$c20111230$lBLL01$h2017
=CAT  \\$a8201$b40$c20120306$lBLL01$h1539
=CAT  \\$a8201$b40$c20120306$lBLL01$h1540
=CAT  \\$aBATCH-CLA$b00$c20121109$lBLL01$h1732
=CAT  \\$aWR13.005$c20130322$lBLL01$h1919
=CAT  \\$aBATCH-CLA$c20131220$lBLL01$h2026
=CAT  \\$aIPL-CLA$c20131231$lBLL01$h2333
=CAT  \\$aBATCH-CLA$b00$c20161222$lBLL01$h1802
=CAT  \\$aIPL-CLA$c20161230$lBLL01$h2120
=CAT  \\$aBATCH-CLA$b00$c20171222$lBLL01$h2122
=CAT  \\$aIPL-CLA$c20171231$lBLL01$h1628
=CAT  \\$aBATCH-CLA$b00$c20191219$lBLL01$h1730
=CAT  \\$aIPL-CLA$c20191231$lBLL01$h1925
=CAT  \\$aR2001-1524$c20200127$lBLL01$h2003
=CAT  \\$aBATCH-CLA$b00$c20201204$lBLL01$h1530
=CAT  \\$aIPL-CLA$c20201231$lBLL01$h2148
=CAT  \\$aBATCH-CLA$b00$c20221221$lBLL01$h1838
=CAT  \\$aIPL-CLA$c20221231$lBLL01$h2052
=CFI  0\$aCurrent Copyright Fee: GBP25.00$c0$e01-jan-2023$fGBP25.00$g0$hA$5Uk
=CFI  2\$aPrevious Copyright Fee: GBP22.50$c0$e01-jan-2021$fGBP22.50$g0$hA$5Uk
=FIN  \\$aY
=FMT  \\$a  SE
=LAS  \\$aIPL-CLA$b00$c20221231$lBLL01$h2052
=LEO  \\$aMP10.0000427610
=LEO  \\$aMP25.0000024496
=LKR  \\$aPAR$b010492352$lBLL01$nDenpun kagaku$r78000$mOyo Toshitsu Kagaku
=SRC  \\$aDSS01$bbibmp10.200404.2.aa
=SRC  \\$aSRI01$bbibmp25.200404.2.aa
=TCO  \\$aJPN$bJAACC$c008

