=LDR  02184 as a2200553 a 4500
=001  012756398
=003  Uk
=005  20100430112115.0
=007  ta
=008  851112d19621968ne\uu\p\\\\\\\0\\\a0eng\\
=019  0\$as112973000
=022  0\$a0440-7288
=040  \\$aUk$cUk$dUk
=082  04$a624$221
=084  \\$aVX 25$2blsrissc
=130  0\$aHeron (English edition)
=245  10$aHeron.
=260  \\$aDelft :$bStevin-Laboratory of the Department of Civil Engineering of the Technological University,$c1962-1968.
=300  \\$a5 v. :$bill. ;$c25 cm.
=310  \\$aIrregular
=336  \\$atext$2rdacontent
=337  \\$aunmediated$2rdamedia
=338  \\$avolume$2rdacarrier
=362  0\$aNo. 1 (1962)-no. 5 (1968).
=500  \\$aJointly edited by Stevin-Laboratory of the Department of Civil Engineering of the Technological University, Delft and the Institute T.N.O. for Building Materials and Building Structures.
=580  \\$aMerged with: Heron (Dutch edition), to form: Heron (Delft, Netherlands)
=650  \0$aMaterials$xTesting$vPeriodicals.
=650  \0$aBuilding, Iron and steel$vPeriodicals.
=650  \0$aCivil engineering$vPeriodicals.
=710  2\$aInstituut TNO voor Bouwmaterialen en Bouwconstructies.
=710  2\$aStevin-Laboratorium (Technische Hogeschool Delft. Afdeling der Civiele Techniek)
=785  17$tHeron (Dutch edition)
=785  17$tHeron (Delft, Netherlands)$x0046-7316
=852  49$aBritish Library$bDSC$3See shelfmark 4300.200000 for no. 1 (1962)- no. 5 (1968)
=852  71$aBritish Library$bSTI$k(P)$hVX 25$m-E(7)$2blsrissc$3No. 1 (1962)-no. 5 (1968)
=CAT  \\$aCONV$b00$c20040425$lBLL90$h0851
=CAT  \\$aCONV$b00$c20040502$lBLL01$h1519
=CAT  \\$a8201$b40$c20090508$lBLL01$h1405
=CAT  \\$a8180$b40$c20090519$lBLL01$h0915
=CAT  \\$aBATCH$b00$c20091211$lBLL01$h0012
=CAT  \\$a8456$b40$c20100430$lBLL01$h1059
=CAT  \\$a8456$b40$c20100430$lBLL01$h1120
=CAT  \\$a8456$b40$c20100430$lBLL01$h1121
=FIN  \\$aY
=FMT  \\$a  SE
=LAS  \\$a8456$b40$c20100430$lBLL01$h1121
=LEO  \\$aMP25.0000024854
=SRC  \\$aSRI01$bbibmp25.200404.2.aa
=TCO  \\$aNLD$bSTICHTING REPRORECHT$c008

