=LDR  06790cas a2201321 a 4500
=001  012757380
=003  Uk
=005  20230930110008.0
=007  ta
=008  840207d19651973mduqr\p\\\\\\\0\\\a0eng\\
=019  0\$as116959002
=022  0\$a0020-7535
=040  \\$aUk$cUk$dUk
=082  04$a671.37$221
=084  \\$aTF 60$2blsrissc
=210  0\$aInt. j. powder metall.$b(1965)
=222  \0$aInternational journal of powder metallurgy$b(1965)
=245  00$aInternational journal of powder metallurgy.
=260  \\$a[Baltimore, Md., etc.]$bAmerican Powder Metallurgy Institute.
=300  \\$a9 v.$bill.$c23 cm.
=336  \\$atext$2rdacontent
=337  \\$aunmediated$2rdamedia
=338  \\$avolume$2rdacarrier
=362  0\$av. 1-9; Jan. 1965-Oct. 1973.
=540  \\$aCurrent Copyright Fee: GBP9.28$c0$5Uk
=555  \\$aCumulative index.
=650  \0$aPowder metallurgy$vPeriodicals.
=710  2\$aAmerican Powder Metallurgy Institute.
=785  00$tInternational journal of powder metallurgy & powder technology$x0361-3488
=852  49$aBritish Library$bDSC$3See shelfmark 4542.477000 for vol. 1, 1965- 9, 1973
=852  71$aBritish Library$bSTI$k(P)$hTF 60$m-E(2)$2blsrissc$3Vol.1, 1965-9, 1973
=886  2\$2blmarc$a029$b00$aS116959010
=985  \\$aRecord enhanced by DQ team
=ACF  \\$aPrevious Copyright Fee: GBP7.74$c0$e01-apr-2012$fGBP7.74$g0$hC$5Uk
=ACF  \\$aPrevious Copyright Fee: GBP7.20$c0$e01-jan-2012$fGBP7.20$g0$hC$5Uk
=ACF  \\$aPrevious Copyright Fee: GBP7.20$c0$e01-oct-2011$fGBP7.20$g0$hC$5Uk
=ACF  \\$aPrevious Copyright Fee: GBP7.20$c0$e01-jul-2011$fGBP7.20$g0$hC$5Uk
=ACF  \\$aPrevious Copyright Fee: GBP7.20$c0$e01-apr-2011$fGBP7.20$g0$hC$5Uk
=ACF  \\$aPrevious Copyright Fee: GBP7.20$c0$e01-jan-2011$fGBP7.20$g0$hC$5Uk
=ACF  \\$aPrevious Copyright Fee: GBP7.20$c0$e01-oct-2010$fGBP7.20$g0$hC$5Uk
=ACF  \\$aPrevious Copyright Fee: GBP7.20$c0$e01-jul-2010$fGBP7.20$g0$hC$5Uk
=ACF  \\$aPrevious Copyright Fee: GBP7.20$c0$e01-apr-2010$fGBP7.20$g0$hC$5Uk
=ACF  \\$aPrevious Copyright Fee: GBP7.20$c0$e01-Jan-2010$fGBP7.20$g0$hC$5Uk
=ACF  \\$aPrevious Copyright Fee: GBP7.20$c0$e01-oct-2009$fGBP7.20$g0$hC$5Uk
=ACF  \\$aPrevious Copyright Fee: GBP8.57$c0$e01-jul-2009$fGBP8.57$g0$hC$5Uk
=ACF  \\$aPrevious Copyright Fee: GBP8.57$c0$e01-apr-2009$fGBP8.57$g0$hC$5Uk
=ACF  \\$aPrevious Copyright Fee: GBP7.50$c0$e01-jan-2009$fGBP7.50$g0$hC$5Uk
=ACF  \\$aPrevious Copyright Fee: GBP6.00$c0$e01-oct-2008$fGBP6.00$g0$hC$5Uk
=ACF  \\$aPrevious Copyright Fee: GBP6.00$c0$e01-jul-2008$fGBP6.00$g0$hC$5Uk
=ACF  \\$aPrevious Copyright Fee: GBP6.00$c0$e01-apr-2008$fGBP6.00$g0$hC$5Uk
=ACF  \\$aPrevious Copyright Fee: GBP7.27$c0$e01-jul-2012$fGBP7.27$g0$hC$5Uk
=ACF  \\$aPrevious Copyright Fee: GBP7.74$c0$e01-oct-2012$fGBP7.74$g0$hC$5Uk
=ACF  \\$aPrevious Copyright Fee: GBP7.50$c0$e01-jan-2013$fGBP7.50$g0$hC$5Uk
=ACF  \\$aPrevious Copyright Fee: GBP7.74$c0$e01-jul-2013$fGBP7.74$g0$hC$5Uk
=ACF  \\$aPrevious Copyright Fee: GBP7.20$c0$e01-oct-2013$fGBP7.20$g0$hC$5Uk
=ACF  \\$aPrevious Copyright Fee: GBP7.50$c0$e01-jan-2014$fGBP7.50$g0$hC$5Uk
=ACF  \\$aPrevious Copyright Fee: GBP7.27$c0$e01-jul-2014$fGBP7.27$g0$hC$5Uk
=ACF  \\$aPrevious Copyright Fee: GBP9.70$c0$e01-jan-2015$fGBP9.70$g0$hC$5Uk
=ACF  \\$aPrevious Copyright Fee: GBP10.67$c0$e01-apr-2015$fGBP10.67$g0$hC$5Uk
=ACF  \\$aPrevious Copyright Fee: GBP10.32$c0$e01-oct-2015$fGBP10.32$g0$hC$5Uk
=ACF  \\$aPrevious Copyright Fee: GBP11.03$c0$e01-apr-2016$fGBP11.03$g0$hC$5Uk
=ACF  \\$aPrevious Copyright Fee: GBP11.85$c0$e01-oct-2016$fGBP11.85$g0$hC$5Uk
=ACF  \\$aPrevious Copyright Fee: GBP12.80$c0$e01-apr-2017$fGBP12.80$g0$hC$5Uk
=ACF  \\$aPrevious Copyright Fee: GBP12.16$c0$e01-oct-2017$fGBP12.16$g0$hC$5Uk
=ACF  \\$aPrevious Copyright Fee: GBP12.31$c0$e01-jan-2018$fGBP12.31$g0$hC$5Uk
=ACF  \\$aPrevious Copyright Fee: GBP11.43$c0$e01-apr-2018$fGBP11.43$g0$hC$5Uk
=ACF  \\$aPrevious Copyright Fee: GBP12.31$c0$e01-oct-2018$fGBP12.31$g0$hC$5Uk
=ACF  \\$aPrevious Copyright Fee: GBP12.80$c0$e01-oct-2019$fGBP12.80$g0$hC$5Uk
=ACF  \\$aPrevious Copyright Fee: GBP12.31$c0$e01-apr-2020$fGBP12.31$g0$hC$5Uk
=ACF  \\$aPrevious Copyright Fee: GBP12.80$c0$e01-jul-2020$fGBP12.80$g0$hC$5Uk
=ACF  \\$aPrevious Copyright Fee: GBP11.92$c0$e01-apr-2021$fGBP11.92$g0$hC$5Uk
=ACF  \\$aPrevious Copyright Fee: GBP11.52$c0$e01-jul-2021$fGBP11.52$g0$hC$5Uk
=ACF  \\$aPrevious Copyright Fee: GBP11.36$c0$e01-oct-2021$fGBP11.36$g0$hC$5Uk
=ACF  \\$aPrevious Copyright Fee: GBP8.80$c0$e01-jan-2022$fGBP8.80$g0$hC$5Uk
=ACF  \\$aPrevious Copyright Fee: GBP9.28$c0$e01-jul-2022$fGBP9.28$g0$hC$5Uk
=ACF  \\$aPrevious Copyright Fee: GBP1.22$c0$e01-oct-2022$fGBP1.22$g0$hC$5Uk
=ACF  \\$aBritish Library not licensed to copy$c0$e01-jan-2023$hC$iCFP Excluded$5Uk
=ACF  \\$aPrevious Copyright Fee: GBP1.33$c0$e09-feb-2023$fGBP1.33$g0$hC$5Uk
=ACF  \\$aPrevious Copyright Fee: GBP1.23$c0$e01-apr-2023$fGBP1.23$g0$hC$5Uk
=CAT  \\$aCONV$b00$c20040425$lBLL90$h0851
=CAT  \\$aIPL-CLA$c20200331$lBLL01$h1612
=CAT  \\$aBATCH-CLA$b00$c20200529$lBLL01$h1537
=CAT  \\$aIPL-CLA$c20200701$lBLL01$h0053
=CAT  \\$aBATCH-CLA$b00$c20210227$lBLL01$h1014
=CAT  \\$aIPL-CLA$c20210331$lBLL01$h1841
=CAT  \\$aBATCH-CLA$b00$c20210528$lBLL01$h1528
=CAT  \\$aIPL-CLA$c20210704$lBLL01$h1116
=CAT  \\$aBATCH-CLA$b00$c20210917$lBLL01$h1606
=CAT  \\$aIPL-CLA$c20210930$lBLL01$h1648
=CAT  \\$aBATCH-CLA$b00$c20211203$lBLL01$h0818
=CAT  \\$aIPL-CLA$c20211231$lBLL01$h1716
=CAT  \\$aBATCH-CLA$b00$c20220601$lBLL01$h1543
=CAT  \\$aIPL-CLA$c20220630$lBLL01$h1706
=CAT  \\$aBATCH-CLA$b00$c20220903$lBLL01$h0719
=CAT  \\$aIPL-CLA$c20220930$lBLL01$h1554
=CAT  \\$aBATCH-CLA$b00$c20221130$lBLL01$h1451
=CAT  \\$aIPL-CLA$c20221231$lBLL01$h2052
=CAT  \\$aBATCH-CLA$b00$c20230209$lBLL01$h1538
=CAT  \\$aIPL-CLA$c20230210$lBLL01$h0101
=CAT  \\$aBATCH-CLA$b00$c20230314$lBLL01$h1828
=CAT  \\$aIPL-CLA$c20230331$lBLL01$h1640
=CAT  \\$aBATCH-CLA$b00$c20230531$lBLL01$h1703
=CAT  \\$aIPL-CLA$c20230630$lBLL01$h1721
=CAT  \\$aBATCH-CLA$b00$c20230906$lBLL01$h1739
=CAT  \\$aIPL-CLA$c20230930$lBLL01$h1100
=CFI  0\$aCurrent Copyright Fee: GBP9.28$c0$e01-oct-2023$fGBP9.28$g0$hC$5Uk
=CFI  2\$aPrevious Copyright Fee: GBP9.60$c0$e01-jul-2023$fGBP9.60$g0$hC$5Uk
=FIN  \\$aY
=FMT  \\$a  SE
=LAS  \\$aIPL-CLA$b00$c20230930$lBLL01$h1100
=LEO  \\$aMP25.0000026068
=SRC  \\$aSRI01$bbibmp25.200404.2.aa
=TCO  \\$aTRS$bCCC$c008

