=LDR  01393 as a22004217a 4500
=001  012757515
=003  Uk
=005  20070709104653.0
=007  ta
=008  810825d19641972gw\\x\p|||\\\|0\\\b0ger\\
=019  0\$as117480002
=019  c\$a2210721
=022  0\$a0514-647X
=040  \\$aUk$cUk$dUk
=084  \\$aE 50$2blsrissc
=084  \\$aE 38$2blsrissc
=245  00$aZeitschrift für Pflanzenkrankheiten (Pflanzenpathologie) und Pflanzenschutz.$pSonderheft.
=260  \\$aStuttgart :$bUlmer,$c1964-1972.
=300  \\$c25cm.
=336  \\$atext$2rdacontent
=337  \\$aunmediated$2rdamedia
=338  \\$avolume$2rdacarrier
=785  00$tZeitschrift für Pflanzenkrankheiten und Pflanzenschutz. Sonderheft (1970)$x0938-9938
=852  49$aBritish Library$bDSC$3See shelfmark 9479.210000 for [NR.] 5, 1970- 7, 1975-
=852  71$aBritish Library$bSTI$k(P)$hE 50$m-G(10)$2blsrissc$31964-1972; 1-6.
=985  \\$aRecord merged by DQ team
=CAT  \\$aCONV$b00$c20040425$lBLL90$h0851
=CAT  \\$aCONV$b00$c20040502$lBLL01$h1519
=CAT  \\$a8201$b40$c20070709$lBLL01$h1046
=CAT  \\$aBATCH$b00$c20091211$lBLL01$h0012
=FIN  \\$aY
=FMT  \\$a  SE
=LAS  \\$aBATCH$b00$c20091211$lBLL01$h0012
=LEO  \\$aMP10.0000625535
=LEO  \\$aMP25.0000026211
=SRC  \\$aDSS01$bbibmp10.200404.2.aa
=SRC  \\$aSRI01$bbibmp25.200404.2.aa
=TCO  \\$aDEU$bVG WORT$c008

