=LDR  03826cas a2200877 a 4500
=001  012758146
=003  Uk
=005  20221231205258.0
=007  ta
=008  810603d19661971enkmr\p\\\ab\\0\\\a0eng\\
=019  0\$as119338017
=022  \\$a0544-0130$z0026-2625
=040  \\$aUk$cUk$dUk
=082  0\$a576.16405
=084  \\$aDB 25$2blsrissc
=210  0\$aMicrobiol. abstr., Sect. A, Ind. microbiol.
=222  \0$aMicrobiology abstracts. Section A, Industrial microbiology
=245  00$aMicrobiology abstracts.$nSection A,$pIndustrial microbiology.
=246  10$aIndustrial microbiology
=260  \\$aLondon :$bInformation Retrieval Limited,$c1966-1971.
=300  \\$av.$c27 cm.
=336  \\$atext$2rdacontent
=337  \\$aunmediated$2rdamedia
=338  \\$avolume$2rdacarrier
=362  0\$av. 2-6; Oct. 1966-Dec. 1971.
=540  \\$aCurrent Copyright Fee: GBP25.00$c0$5Uk
=650  \0$aIndustrial microbiology$vAbstracts$vPeriodicals.
=710  2\$aInformation Retrieval Limited.
=780  01$tIndustrial microbiology abstracts$x0537-5282
=785  00$tMicrobiology abstracts. Section A. Industrial & applied microbiology$x0300-838X
=852  49$aBritish Library$bDSC$3See shelfmark 5757.770000 Vol.2 (1966)-1971***UKRR-Excluded-Out of Scope
=852  71$aBritish Library$bSTI$k(A)$hDB 25$m-E(3)$2blsrissc$31966-1971; Vol.2-6.***UKRR-Excluded-Out of Scope
=985  \\$aRecord enhanced by DQ team
=ACF  \\$aPrevious Copyright Fee: GBP8.79$c0$e01-jul-2009$fGBP8.79$g0$hC$5Uk
=ACF  \\$aPrevious Copyright Fee: GBP8.79$c0$e01-apr-2009$fGBP8.79$g0$hC$5Uk
=ACF  \\$aPrevious Copyright Fee: GBP7.69$c0$e01-jan-2009$fGBP7.69$g0$hC$5Uk
=ACF  \\$aPrevious copyright fee: GBP10.50$c0$e01-jan-2011$fGBP10.50$g0$hA$5Uk
=ACF  \\$aPrevious copyright fee: GBP12.00$c0$e01-jan-2012$fGBP12.00$g0$hA$5Uk
=ACF  \\$aPrevious Copyright Fee: GBP12.30$c0$e01-jan-2014$fGBP12.30$g0$hA$5Uk
=ACF  \\$aPrevious Copyright Fee: GBP15.00$c0$e01-jan-2017$fGBP15.00$g0$hA$5Uk
=ACF  \\$aPrevious Copyright Fee: GBP17.50$c0$e01-jan-2018$fGBP17.50$g0$hA$5Uk
=ACF  \\$aPrevious Copyright Fee: GBP20.00$c0$e01-jan-2020$fGBP20.00$g0$hA$5Uk
=CAT  \\$aCONV$b00$c20040425$lBLL90$h0851
=CAT  \\$aBATCH-UPD$b00$c20090401$lBLL01$h0042
=CAT  \\$aBATCH$b00$c20090401$lBLL01$h0212
=CAT  \\$aBATCH-CLA$b00$c20090529$lBLL01$h1710
=CAT  \\$aBATCH-UPD$b00$c20090701$lBLL01$h2013
=CAT  \\$aBATCH-UPD$b00$c20090701$lBLL01$h2041
=CAT  \\$aBATCH$b00$c20090701$lBLL01$h2102
=CAT  \\$aBATCH$b00$c20091211$lBLL01$h0012
=CAT  \\$aBATCH-UPD$b00$c20101201$lBLL01$h1249
=CAT  \\$aIPL-CLA$c20101231$lBLL01$h1511
=CAT  \\$aWR11_203$c20111204$lBLL01$h1507
=CAT  \\$aIPL-CLA$c20111230$lBLL01$h2017
=CAT  \\$aBATCH-CLA$b00$c20121109$lBLL01$h1731
=CAT  \\$aBATCH-CLA$c20131220$lBLL01$h2026
=CAT  \\$aIPL-CLA$c20131231$lBLL01$h2333
=CAT  \\$aBATCH-CLA$b00$c20161222$lBLL01$h1802
=CAT  \\$aIPL-CLA$c20161230$lBLL01$h2120
=CAT  \\$aBATCH-CLA$b00$c20171222$lBLL01$h2122
=CAT  \\$aIPL-CLA$c20171231$lBLL01$h1628
=CAT  \\$aBATCH-CLA$b00$c20191219$lBLL01$h1730
=CAT  \\$aIPL-CLA$c20191231$lBLL01$h1925
=CAT  \\$aR2001-1524$c20200127$lBLL01$h2003
=CAT  \\$aBATCH-CLA$b00$c20201204$lBLL01$h1530
=CAT  \\$aIPL-CLA$c20201231$lBLL01$h2148
=CAT  \\$aBATCH-CLA$b00$c20221221$lBLL01$h1838
=CAT  \\$aIPL-CLA$c20221231$lBLL01$h2052
=CFI  0\$aCurrent Copyright Fee: GBP25.00$c0$e01-jan-2023$fGBP25.00$g0$hA$5Uk
=CFI  2\$aPrevious Copyright Fee: GBP22.50$c0$e01-jan-2021$fGBP22.50$g0$hA$5Uk
=FIN  \\$aY
=FMT  \\$a  SE
=LAS  \\$aIPL-CLA$b00$c20221231$lBLL01$h2052
=LEO  \\$aMP25.0000026963
=SRC  \\$aSRI01$bbibmp25.200404.2.aa
=TCO  \\$aCLA$bCLA$c008

