=LDR  02065 as a2200565 a 4500
=001  012758147
=003  Uk
=005  20090327115201.0
=007  ta
=008  040419d19661971enkmr\p\\\\\\\0\\\a0eng\\
=019  0\$as119338025
=022  0\$a0544-0149$202
=040  \\$aUk$cUk$dUk
=042  \\$aissnuk
=082  04$a579.3$221
=084  \\$aDB 25$2blsrissc
=210  0\$aMicrobiol. abstr. Sect. B
=222  \0$aMicrobiology abstracts. Section B. General microbiology & bacteriology
=245  00$aMicrobiology abstracts.$nSection B,$pGeneral microbiology & bacteriology.
=246  10$aGeneral microbiology & bacteriology
=260  \\$aLondon :$bInformation Retrieval Ltd.,$c1966-1971.
=300  \\$av, ;$c26 cm.
=336  \\$atext$2rdacontent
=337  \\$aunmediated$2rdamedia
=338  \\$avolume$2rdacarrier
=362  0\$av. 2-6 (Oct. 1966-Dec. 1971).
=650  \0$aMicrobiology$vAbstracts$vPeriodicals.
=710  2\$aInformation Retrieval Limited.
=780  00$tIndustrial microbiology abstracts$x0956-4195
=785  00$tMicrobiology abstracts. Section B. Bacteriology$x0300-8398
=852  49$aBritish Library$bDSC$3See shelfmark 5757.780000 for Vol. 2, 1966-6, 1971***UKRR-Excluded-Out of Scope
=852  71$aBritish Library$bSTI$k(A)$hDB 25$m-E(3)$2blsrissc$3Vol. 2, 1966-6, 1971***UKRR-Excluded-Out of Scope
=985  \\$aRecord enhanced by DQ team
=CAT  \\$aCONV$b00$c20040425$lBLL90$h0851
=CAT  \\$aCONV$b00$c20040502$lBLL01$h1519
=CAT  \\$aglobal_upd$b40$c20060417$lBLL01$h1907
=CAT  \\$a8456$b40$c20081110$lBLL01$h1732
=CAT  \\$a8456$b40$c20081110$lBLL01$h1735
=CAT  \\$a8456$b40$c20081110$lBLL01$h1741
=CAT  \\$a8874$b40$c20090114$lBLL01$h0808
=CAT  \\$a11249$b40$c20090327$lBLL01$h1152
=CAT  \\$aBATCH$b00$c20091211$lBLL01$h0012
=FIN  \\$aY
=FMT  \\$a  SE
=LAS  \\$aBATCH$b00$c20091211$lBLL01$h0012
=LEO  \\$aMP22.0000023713
=LEO  \\$aMP25.0000026964
=SRC  \\$aISN01$bbibmp22.200404.2.aa
=SRC  \\$aSRI01$bbibmp25.200404.2.aa
=TCO  \\$aCLA$bCLA$c008

