=LDR  07233cas a2201369 a 4500
=001  012758629
=003  Uk
=005  20211231171656.0
=007  ta
=008  831011d19651978xxumn\p\\\\\\\0\\\a0eng\\
=019  0\$as120846004
=022  0\$a0023-8589
=040  \\$aUk$cUk$dUk
=082  04$a621.36/6/05$219
=084  \\$aQJ 55$2blsrissc
=210  0\$aLaser focus$b(1965)
=222  \0$aLaser focus$b(1965)
=245  00$aLaser focus.
=246  13$aLaser focus magazine
=246  13$aLaser focus with optical communications
=260  \\$a[Newtonville, Mass. :$bInternational Data Pub. Co.,$cc1965-1978.
=300  \\$av. :$bill. ;$c29 cm.
=310  \\$aMonthly (two issues in Mar.),$b-Nov. 1978
=321  \\$aSemimonthly,$bJan. 1, 1965-
=336  \\$atext$2rdacontent
=337  \\$aunmediated$2rdamedia
=338  \\$avolume$2rdacarrier
=362  0\$aVol. 1, no. 1 (Jan. 15, 1965)-v. 14, no. 11 (Nov. 1978).
=500  \\$aFrom vol. 2, 1966, contains "Laser focus marketers' and buyers' guide", q.v., later "Laser focus buyer's guide", q.v.
=500  \\$aPublisher varies.
=515  \\$aFrom vol. 2, no. 9, 1966 to vol. 5, no. 23, 1969, issues bear odd numbers only ; even numbers assigned to "Laser focus mid-month report", q.v., later "Laser report", q.v.
=540  \\$aCurrent Copyright Fee: GBP8.76$c0$5Uk
=555  \\$aCumulative index.
=650  \0$aLasers$vPeriodicals.
=770  1\$tLaser marketers' and buyers' guide$g1966-1970
=770  1\$tLaser focus buyers' guide$g1971-1978$x0075-8027
=785  00$tLaser focus with fiberoptic communications$x0190-1451
=852  49$aBritish Library$bDSC$3See shelfmark 5156.530000 for vol. 1, 1965- 14(11), 1978
=852  71$aBritish Library$bSTI$k(P)$hQJ 55$m-E(3)$2blsrissc$31965-1988; Vol.1-24. ; Deficient: vol.11, no.3, 10, 1975.; vol.22, no.4, 1986
=ACF  \\$aPrevious Copyright Fee: GBP13.55$c0$e01-apr-2012$fGBP13.55$g0$hC$5Uk
=ACF  \\$aPrevious Copyright Fee: GBP12.60$c0$e01-jan-2012$fGBP12.60$g0$hC$5Uk
=ACF  \\$aPrevious Copyright Fee: GBP12.60$c0$e01-oct-2011$fGBP12.60$g0$hC$5Uk
=ACF  \\$aPrevious Copyright Fee: GBP12.60$c0$e01-jul-2011$fGBP12.60$g0$hC$5Uk
=ACF  \\$aPrevious Copyright Fee: GBP12.60$c0$e01-apr-2011$fGBP12.60$g0$hC$5Uk
=ACF  \\$aPrevious Copyright Fee: GBP12.60$c0$e01-jan-2011$fGBP12.60$g0$hC$5Uk
=ACF  \\$aPrevious Copyright Fee: GBP12.60$c0$e01-oct-2010$fGBP12.60$g0$hC$5Uk
=ACF  \\$aPrevious Copyright Fee: GBP12.60$c0$e01-jul-2010$fGBP12.60$g0$hC$5Uk
=ACF  \\$aPrevious Copyright Fee: GBP12.60$c0$e01-apr-2010$fGBP12.60$g0$hC$5Uk
=ACF  \\$aPrevious Copyright Fee: GBP12.60$c0$e01-Jan-2010$fGBP12.60$g0$hC$5Uk
=ACF  \\$aPrevious Copyright Fee: GBP12.60$c0$e01-oct-2009$fGBP12.60$g0$hC$5Uk
=ACF  \\$aPrevious Copyright Fee: GBP15.00$c0$e01-jul-2009$fGBP15.00$g0$hC$5Uk
=ACF  \\$aPrevious Copyright Fee: GBP15.00$c0$e01-apr-2009$fGBP15.00$g0$hC$5Uk
=ACF  \\$aPrevious Copyright Fee: GBP13.13$c0$e01-jan-2009$fGBP13.13$g0$hC$5Uk
=ACF  \\$aPrevious Copyright Fee: GBP10.50$c0$e01-oct-2008$fGBP10.50$g0$hC$5Uk
=ACF  \\$aPrevious Copyright Fee: GBP10.50$c0$e01-jul-2008$fGBP10.50$g0$hC$5Uk
=ACF  \\$aPrevious Copyright Fee: GBP10.50$c0$e01-apr-2008$fGBP10.50$g0$hC$5Uk
=ACF  \\$aPrevious Copyright Fee: GBP10.50$c0$e01-jan-2008$fGBP10.50$g0$hC$5Uk
=ACF  \\$aPrevious Copyright Fee: GBP10.50$c0$e01-oct-2007$fGBP10.50$g0$hC$5Uk
=ACF  \\$aPrevious Copyright Fee: GBP10.50$c0$e01-jul-2007$fGBP10.50$g0$hC$5Uk
=ACF  \\$aPrevious Copyright Fee: GBP10.77$c0$e01-apr-2007$fGBP10.77$g0$hC$5Uk
=ACF  \\$aPrevious Copyright Fee: GBP11.35$c0$e01-jan-2007$fGBP11.35$g0$hC$5Uk
=ACF  \\$aPrevious Copyright Fee: GBP11.35$c0$e01-oct-2006$fGBP11.35$g0$hC$5Uk
=ACF  \\$aPrevious Copyright Fee: GBP12.00$c0$e01-jul-2006$fGBP12.00$g0$hC$5Uk
=ACF  \\$aPrevious Copyright Fee: GBP12.00$c0$e01-apr-2006$fGBP12.00$g0$hC$5Uk
=ACF  \\$aPrevious Copyright Fee: GBP11.67$c0$e01-jan-2006$fGBP11.67$g0$hC$5Uk
=ACF  \\$aPrevious Copyright Fee: GBP11.35$c0$e01-oct-2005$fGBP11.35$g0$hC$5Uk
=ACF  \\$aPrevious Copyright Fee: GBP11.35$c0$e01-jul-2005$fGBP11.35$g0$hC$5Uk
=ACF  \\$aPrevious Copyright Fee: GBP11.35$c0$e01-apr-2005$fGBP11.35$g0$hC$5Uk
=ACF  \\$aPrevious Copyright Fee: GBP11.67$c0$e01-jan-2005$fGBP11.67$g0$hC$5Uk
=ACF  \\$aPrevious Copyright Fee: GBP11.35$c0$e01-oct-2004$fGBP11.35$g0$hC$5Uk
=ACF  \\$aPrevious Copyright Fee: GBP12.73$c0$e01-jul-2012$fGBP12.73$g0$hC$5Uk
=ACF  \\$aPrevious Copyright Fee: GBP13.55$c0$e01-oct-2012$fGBP13.55$g0$hC$5Uk
=ACF  \\$aPrevious Copyright Fee: GBP13.13$c0$e01-jan-2013$fGBP13.13$g0$hC$5Uk
=ACF  \\$aPrevious Copyright Fee: GBP13.55$c0$e01-jul-2013$fGBP13.55$g0$hC$5Uk
=ACF  \\$aPrevious Copyright Fee: GBP12.60$c0$e01-oct-2013$fGBP12.60$g0$hC$5Uk
=ACF  \\$aPrevious Copyright Fee: GBP13.13$c0$e01-jan-2014$fGBP13.13$g0$hC$5Uk
=ACF  \\$aPrevious Copyright Fee: GBP12.73$c0$e01-jul-2014$fGBP12.73$g0$hC$5Uk
=ACF  \\$aPrevious Copyright Fee: GBP14.00$c0$e01-apr-2015$fGBP14.00$g0$hC$5Uk
=ACF  \\$aPrevious Copyright Fee: GBP13.55$c0$e01-oct-2015$fGBP13.55$g0$hC$5Uk
=ACF  \\$aPrevious Copyright Fee: GBP14.48$c0$e01-apr-2016$fGBP14.48$g0$hC$5Uk
=ACF  \\$aPrevious Copyright Fee: GBP15.56$c0$e01-oct-2016$fGBP15.56$g0$hC$5Uk
=ACF  \\$aPrevious Copyright Fee: GBP16.80$c0$e01-apr-2017$fGBP16.80$g0$hC$5Uk
=CAT  \\$aCONV$b00$c20040425$lBLL90$h0851
=CAT  \\$aBATCH-CLA$b00$c20121130$lBLL01$h1242
=CAT  \\$aIPL-CLA$c20121231$lBLL01$h1311
=CAT  \\$aIPL-CLA$c20130102$lBLL01$h1729
=CAT  \\$aBATCH-CLA$b00$c20130531$lBLL01$h1635
=CAT  \\$aIPL-CLA$c20130701$lBLL01$h0041
=CAT  \\$aBATCH-CLA$b00$c20130830$lBLL01$h1618
=CAT  \\$aIPL-CLA$c20130930$lBLL01$h1740
=CAT  \\$aBATCH-CLA$b00$c20131129$lBLL01$h1635
=CAT  \\$aIPL-CLA$c20131231$lBLL01$h2333
=CAT  \\$aBATCH-CLA$b00$c20140530$lBLL01$h1700
=CAT  \\$aIPL-CLA$c20140630$lBLL01$h1719
=CAT  \\$aBATCH-CLA$b00$c20150227$lBLL01$h1623
=CAT  \\$aIPL-CLA$c20150331$lBLL01$h1635
=CAT  \\$aBATCH-CLA$b00$c20150828$lBLL01$h1536
=CAT  \\$aIPL-CLA$c20150930$lBLL01$h1801
=CAT  \\$aBATCH-CLA$b00$c20160229$lBLL01$h1615
=CAT  \\$aIPL-CLA$c20160331$lBLL01$h1722
=CAT  \\$aBATCH-CLA$b00$c20160831$lBLL01$h1648
=CAT  \\$aIPL-CLA$c20160930$lBLL01$h1559
=CAT  \\$aBATCH-CLA$b00$c20170228$lBLL01$h1627
=CAT  \\$aIPL-CLA$c20170331$lBLL01$h1841
=CAT  \\$aBATCH-CLA$b00$c20170831$lBLL01$h1626
=CAT  \\$aIPL-CLA$c20170929$lBLL01$h1725
=CAT  \\$aBATCH-CLA$b00$c20211203$lBLL01$h0819
=CAT  \\$aIPL-CLA$c20211231$lBLL01$h1716
=CFI  0\$aCurrent Copyright Fee: GBP8.76$c0$e01-jan-2022$fGBP8.76$g0$hC$5Uk
=CFI  2\$aPrevious Copyright Fee: GBP19.00$c0$e01-oct-2017$fGBP19.00$g0$hC$5Uk
=FIN  \\$aY
=FMT  \\$a  SE
=LAS  \\$aIPL-CLA$b00$c20211231$lBLL01$h1716
=LEO  \\$aMP25.0000027514
=LKR  \\$aPAR$b011119737$lBLL01$r78500$mLaser focus (1965)$nLaser focus with fiberoptic communications
=SRC  \\$aSRI01$bbibmp25.200404.2.aa
=TCO  \\$aTRS$bCCC$c008

