=LDR  04352cas a2200973 a 4500
=001  012759850
=003  Uk
=005  20230210010145.0
=007  ta
=008  840327d19832000xxuqr\p|||\\\|0\\\a0eng\\
=019  0\$as124862004
=022  0\$a0736-6574
=040  \\$aUk$cUk$dUk
=082  00$a547.705$219
=084  \\$aMF 30$2blsrissc
=210  0\$aJ. macromol. sci., Rev. macromol. chem. phys.
=222  \0$aJournal of macromolecular science. Reviews in macromolecular chemistry and physics
=245  00$aJournal of macromolecular science.$pReviews in macromolecular chemistry and physics.
=246  13$aJournal of macromolecular science.$nPart C,$pReviews in macromolecular chemistry and physics
=246  30$aReviews in macromolecular chemistry and physics
=260  \\$aNew York :$bDekker,$c1983-2000.
=300  \\$a19 v. :$bill. ;$c23 cm.
=310  \\$aQuarterly,$b1985-2000
=321  \\$aThree no. per year,$b1982-83-1984
=336  \\$atext$2rdacontent
=337  \\$aunmediated$2rdamedia
=338  \\$avolume$2rdacarrier
=362  0\$aVol. C22, no. 1-v. 40, no. 4.
=500  \\$aTo vol.21, 1981 bears section title "Reviews in macromolecular chemistry".
=515  \\$aVol. C22- carry chronological designation 1982-83-
=540  \\$aCurrent Copyright Fee: GBP45.00$c0$5Uk
=555  \\$aCumulative index.
=650  \0$aPolymers$vPeriodicals.
=650  \0$aPolymerization$vPeriodicals.
=740  0\$aJournal of macromolecular science. Polymer reviews.
=780  00$tJournal of macromolecular science. Reviews in macromolecular chemistry$x0022-2356
=785  00$tJournal of macromolecular science. Polymer reviews$x1532-1797
=852  49$aBritish Library$bDSC$3See shelfmark 5010.780000 for vol. 1, 1967- 21, 1981/1982 *A=1
=852  71$aBritish Library$bSTI$k(P)$hMF 30$m-E(17)$2blsrissc$31967-2000; Vol.C1-C40. ; Deficient: vol.C21, no.2, 1981
=968  \\$bX
=ACF  \\$aPrevious Copyright Fee: GBP21.43$c0$e01-jul-2009$fGBP21.43$g0$hC$5Uk
=ACF  \\$aPrevious Copyright Fee: GBP21.43$c0$e01-apr-2009$fGBP21.43$g0$hC$5Uk
=ACF  \\$aPrevious Copyright Fee: GBP18.75$c0$e01-jan-2009$fGBP18.75$g0$hC$5Uk
=ACF  \\$aBritish Library not licensed to copy$c0$e01-oct-2008$hC$iCLA Excluded$5Uk
=ACF  \\$aPrevious copyright fee: GBP10.50$c0$e01-jan-2011$fGBP10.50$g0$hA$5Uk
=ACF  \\$aBritish Library not licensed to copy$c0$e07-sep-2011$hC$iTX$5Uk
=ACF  \\$aPrevious Copyright Fee: GBP25.00$c0$e01-jan-2014$fGBP25.00$g0$hC$5Uk
=ACF  \\$aPrevious Copyright Fee: GBP45.00$c0$e01-apr-2021$fGBP45.00$g0$hC$5Uk
=CAT  \\$aCONV$b00$c20040425$lBLL90$h0851
=CAT  \\$aBATCH$b00$c20081001$lBLL01$h0125
=CAT  \\$aBATCH-CLA$b00$c20081128$lBLL01$h1752
=CAT  \\$aBATCH-UPD$b00$c20081231$lBLL01$h2316
=CAT  \\$aBATCH-UPD$b00$c20090101$lBLL01$h0050
=CAT  \\$aBATCH$b00$c20090101$lBLL01$h0225
=CAT  \\$aBATCH-CLA$b00$c20090227$lBLL01$h1653
=CAT  \\$aBATCH-UPD$b00$c20090331$lBLL01$h2311
=CAT  \\$aBATCH-UPD$b00$c20090401$lBLL01$h0042
=CAT  \\$aBATCH$b00$c20090401$lBLL01$h0212
=CAT  \\$aBATCH-CLA$b00$c20090529$lBLL01$h1730
=CAT  \\$aBATCH-UPD$b00$c20090701$lBLL01$h2013
=CAT  \\$aBATCH-UPD$b00$c20090701$lBLL01$h2041
=CAT  \\$aBATCH$b00$c20090701$lBLL01$h2102
=CAT  \\$aBATCH$b00$c20091211$lBLL01$h0013
=CAT  \\$aBATCH-UPD$b00$c20101201$lBLL01$h1249
=CAT  \\$aIPL-CLA$c20101231$lBLL01$h1511
=CAT  \\$aBATCH-UPD$b00$c20110907$lBLL01$h1825
=CAT  \\$aIPL-CLA$c20110908$lBLL01$h1740
=CAT  \\$aBATCH-CLA$b00$c20121109$lBLL01$h1731
=CAT  \\$aBATCH-CLA$b00$c20131129$lBLL01$h1700
=CAT  \\$aIPL-CLA$c20131231$lBLL01$h2333
=CAT  \\$aBATCH-CLA$b00$c20210227$lBLL01$h1015
=CAT  \\$aIPL-CLA$c20210331$lBLL01$h1841
=CAT  \\$aBATCH-CLA$b00$c20221130$lBLL01$h1456
=CAT  \\$aIPL-CLA$c20221231$lBLL01$h2053
=CAT  \\$aBATCH-CLA$b00$c20230209$lBLL01$h1543
=CAT  \\$aIPL-CLA$c20230210$lBLL01$h0101
=CFI  0\$aCurrent Copyright Fee: GBP45.00$c0$e09-feb-2023$fGBP45.00$g0$hC$5Uk
=CFI  2\$aBritish Library not licensed to copy$c0$e01-jan-2023$hC$iCFP Excluded$5Uk
=FIN  \\$aY
=FMT  \\$a  SE
=LAS  \\$aIPL-CLA$b00$c20230210$lBLL01$h0101
=LEO  \\$aMP25.0000028982
=SRC  \\$aSRI01$bbibmp25.200404.2.aa
=TCO  \\$aTRS$bCCC$c008

