=LDR  03153 as a2200673 a 4500
=001  012762414
=003  Uk
=005  20110426113126.0
=007  ta
=008  751029d19751980xxuar\p\\\\\\\1\\\a0eng\\
=019  0\$as129208027
=022  0\$a0146-7123$l0146-7123$21
=040  \\$aUk$cUk$dUk
=082  00$a620.00420285$222
=084  \\$aSW 64$2blsrissc
=111  2\$aDesign Automation Conference.
=210  0\$aProc.- Des. Autom. Conf.
=222  \0$aProceedings - Design Automation Conference
=245  10$aProceedings /$cDesign Automation Conference.
=260  \\$aNew York :$bInstitute of Electrical and Electronics Engineers,$cc1975-1980.
=300  \\$a6 v. :$bill. ;$c28 cm.
=310  \\$aAnnual
=336  \\$atext$2rdacontent
=337  \\$aunmediated$2rdamedia
=338  \\$avolume$2rdacarrier
=362  0\$a12th (1975)-17th (1980).
=500  \\$aA selection of papers from 13th, 1976, etc. conference, also in "Journal of design automation & fault-tolerant computing", vol.1. p.161-309, 1977, vol.2, p.89-207, 1978, vol.3, p.1-58, 1979, later in "Journal of digital systems", q.v.
=500  \\$aOrganised by the Special Interest Group on Design Automation of the Association for Computing Machinery and the IEEE Computer Society Design Automation Technical Committee.
=540  \\$aBritish Library not licensed to copy$c0$5Uk
=650  \0$aEngineering design$xData processing$vCongresses.
=710  2\$aACM Special Interest Group on Design Automation.
=710  2\$aIEEE Computer Society.$bDesign Automation Technical Committee.
=780  00$aDesign Automation Workshop.$tProceedings$x0420-0098
=785  00$aACM IEEE Design Automation Conference.$tProceedings$x0738-100X
=852  41$aBritish Library$bDSC$3See shelfmark 3559.922500 for 12th (1975)-
=852  71$aBritish Library$bSTI$k(P)$hSW 64$m-E(1)$2blsrissc$312th (1975)-17th (1980).
=CAT  \\$aCONV$b00$c20040425$lBLL90$h0851
=CAT  \\$aCONV$b00$c20040502$lBLL01$h1519
=CAT  \\$aglobal_upd$b40$c20060417$lBLL01$h1908
=CAT  \\$aBATCH-UPD$b40$c20070715$lBLL01$h1822
=CAT  \\$aBATCH$b00$c20091211$lBLL01$h0014
=CAT  \\$a8201$b40$c20110426$lBLL01$h1114
=CAT  \\$a8201$b40$c20110426$lBLL01$h1131
=CAT  \\$aBATCH-CLA$b00$c20121130$lBLL01$h1236
=CAT  \\$aIPL-CLA$c20121231$lBLL01$h1311
=CAT  \\$aIPL-CLA$c20130102$lBLL01$h1729
=CAT  \\$aBATCH-CLA$b00$c20131129$lBLL01$h1652
=CAT  \\$aIPL-CLA$c20131231$lBLL01$h2333
=CAT  \\$aBATCH-UPD$b00$c20160313$lBLL01$h2138
=CFI  0\$aBritish Library not licensed to copy$c0$e01-jan-2014$hC$iCFP Excluded$5Uk
=CFI  2\$aBritish Library not licensed to copy$c0$e01-jan-2013$hC$iCFP Excluded$5Uk
=FIN  \\$aY
=FMT  \\$a  SE
=LAS  \\$aBATCH-UPD$b00$c20160313$lBLL01$h2138
=LEO  \\$aMP25.0000031815
=LKR  \\$aPAR$b015797023$lBLL01$r78500$mProceedings - Design Automation Conference$nProceedings - ACM IEEE Design Automation Conference
=LKR  \\$aPAR$b007165751$lBLL01$r78000$mProceedings - Design Automation Conference$nProceedings - Design Automation Workshop
=SRC  \\$aSRI01$bbibmp25.200404.2.aa
=TCO  \\$aTRS$bCCC$c008

