=LDR  01822 as a2200469ua 4500
=001  012764937
=003  Uk
=005  20201124185650.0
=008  820216d19779999ge\qr\p|||\\\||\\\||mul\\
=019  0\$as132500027
=022  0\$a0323-3944
=040  \\$aUk$cUk
=041  0\$aeng$ager
=084  \\$aPF 00$2blsrissc
=245  00$aMathematische Operationsforschung und Statistik.$pSeries "Statistics".
=260  \\$aBerlin :$bAkademie-Verlag,$c1977-84.
=300  \\$c24cm.
=310  \\$aQuarterly
=336  \\$atext$2rdacontent
=337  \\$aunmediated$2rdamedia
=338  \\$avolume$2rdacarrier
=500  \\$aPublished at the Institute of Mathematics, Academy of Sciences of the GDR (to vol.11, 1980, at the Central Institute of Mathematics and Mechanics)
=515  \\$aNumbering of vol.8 shared with Series "Optimization" of this journal.
=546  \\$aIn English or German.
=580  \\$aContinued as "Statistics", q.v.
=710  2\$aZentralinstitut für Mathematik und Mechanik.
=710  2\$aAkademie der Wissenschaften der DDR.$bInstitut für Mathematik.
=852  49$aBritish Library$bDSC$3See shelfmark 8453.505000 for Volume 8(1977)-Volume 39, Number 6(2005)
=852  71$aBritish Library$bSTI$k(P)$hPF 00$m-G(3)$2blsrissc$31977-1984; Vol.8-15.
=886  2\$2blmarc$a029$b00$aS132500000$aS132500035
=985  \\$aUpgraded by BSS-generated file for WR2011-1473
=CAT  \\$aCONV$b00$c20040425$lBLL90$h0852
=CAT  \\$aCONV$b00$c20040502$lBLL01$h1519
=CAT  \\$aBATCH$b00$c20091123$lBLL01$h0330
=CAT  \\$aW2011-1473$b00$c20201124$lBLL01$h1856
=FIN  \\$aY
=FMT  \\$a  SE
=LAS  \\$aW2011-1473$b00$c20201124$lBLL01$h1856
=LEO  \\$aMP25.0000034555
=SRC  \\$aSRI01$bbibmp25.200404.2.aa
=SSD  \\$a50300{dollar}aContinued as "Statistics", q.v.
=TCO  \\$aDEU$bVG WORT$c008

