=LDR  02063 as a2200505ui 4500
=001  012766805
=003  Uk
=005  20071109104029.0
=007  ta
=008  780905d19741977enkuu\p\\\\\\\0\\\a0eng\\
=019  0\$as134925009
=040  \\$aUk$cUk$dUk
=084  \\$aJB 60$2blsrissc
=245  00$aInformation bulletin appendices on provisional nomenclature, symbols, units and standards.
=246  1\$iMinor title change 1976:$aInformation bulletin appendices on provisional nomenclature, symbols, terminology, and conventions
=246  30$aAppendices on provisional nomenclature, symbols, terminology and conventions
=246  30$aAppendices on provisional nomenclature, symbols, units and standards
=260  \\$aOxford :$bIUPAC
=300  \\$av. ;$c24 cm.
=336  \\$atext$2rdacontent
=337  \\$aunmediated$2rdamedia
=338  \\$avolume$2rdacarrier
=362  0\$aNo. 53 (Dec. 1976)-no. 69 (Dec. 1977).
=650  \0$aChemistry$vNomenclature.
=710  2\$aInternational Union of Pure and Applied Chemistry.
=780  00$tInformation bulletin appendices on tentative nomenclature, symbols, units and standards$x0539-1148
=787  0\$tInformation bulletin (International Union of Pure and Applied Chemistry)
=852  49$aBritish Library$bDSC$3See shelfmark 4483.110000 for DSC stock
=852  71$aBritish Library$bSTI$k(P)$hJB 60$m-E(1)$2blsrissc$3No. 34 (Aug. 1974)-no. 69 (1977)
=CAT  \\$aCONV$b00$c20040425$lBLL90$h0852
=CAT  \\$aCONV$b00$c20040502$lBLL01$h1519
=CAT  \\$aglobal_upd$b40$c20060417$lBLL01$h1909
=CAT  \\$a8874$b40$c20071109$lBLL01$h0856
=CAT  \\$a8874$b40$c20071109$lBLL01$h0906
=CAT  \\$a8874$b40$c20071109$lBLL01$h0922
=CAT  \\$a8874$b40$c20071109$lBLL01$h0931
=CAT  \\$a8874$b40$c20071109$lBLL01$h1040
=CAT  \\$a5100$b40$c20090422$lBLL01$h0745
=CAT  \\$aBATCH$b00$c20091211$lBLL01$h0015
=FIN  \\$aY
=FMT  \\$a  SE
=LAS  \\$aBATCH$b00$c20091211$lBLL01$h0015
=LEO  \\$aMP25.0000036607
=SRC  \\$aSRI01$bbibmp25.200404.2.aa
=TCO  \\$aCLA$bCLA$c008

