=LDR  01521 am a2200457ui 4500
=001  012767972
=003  Uk
=005  20180219073200.0
=008  800506s1971\\\\xxu\\\\||\\\\|||0\||eng\\
=019  0\$as136390005
=040  \\$aUk$cUk
=041  1\$aeng$hrus
=084  \\$aSD 57$2blsrissc
=100  1\$aGlazov, V. M.$q(Vasiliĭ Mikhaĭlovich)
=240  10$aMikrotverdost' metallov i poluprovodnikov
=245  10$aMicrohardness of metals and semiconductors /$c[V.M. Glazov and V.N. Vigdorovich].
=250  \\$a[Rev. ed.]
=260  \\$aNew York ;$aLondon :$bConsultants Bureau,$c1971.
=300  \\$a241p. ;$c28cm.
=336  \\$atext$2rdacontent
=337  \\$aunmediated$2rdamedia
=338  \\$avolume$2rdacarrier
=500  \\$aTranslation of "Mikrotverdost' metallov i poluprovodnikov", Moscow, 1969.
=700  1\$aVigdorovich, V. N.
=852  4\$aBritish Library$bDSC
=852  71$aBritish Library$bSTI$cRES$k(B)$hSD 57$2blsrissc
=968  \\$aC
=CAT  \\$aCONV$b00$c20040425$lBLL90$h0852
=CAT  \\$aCONV$b00$c20040502$lBLL01$h1519
=CAT  \\$aglobal_upd$b40$c20060417$lBLL01$h1909
=CAT  \\$aUCB-HOL$b00$c20070831$lBLL01$h1509
=CAT  \\$aBATCH$b00$c20070831$lBLL01$h1732
=CAT  \\$aBATCH$b00$c20071121$lBLL01$h1507
=CAT  \\$aBATCH$b00$c20091211$lBLL01$h0016
=CAT  \\$a5194$b40$c20180219$lBLL01$h0732
=FIN  \\$aY
=FMT  \\$a  BK
=LAS  \\$a5194$b40$c20180219$lBLL01$h0732
=LEO  \\$aMP25.0000037879
=SRC  \\$aSRI01$bbibmp25.200404.2.aa
=SRC  \\$aUCB 2007

