=LDR  04084cas a2200949 a 4500
=001  012768734
=003  Uk
=005  20110419132235.0
=007  ta
=008  830412c19689999be\ex\p\\\\\\\0\\\b0fre\\
=019  0\$as517301008
=019  c\$a2453089
=022  \\$a0012-3935
=040  \\$aUk$cUk$dUk
=082  04$a658.8409493$221
=084  \\$aAL 638$2blsrissc
=245  00$aDistribution d'aujourd'hui :$ble mensuel des fabricants et commerçants dynamiques.
=260  \\$aBruxellees :$bJury d'Ethique Publicitaire
=300  \\$av. :$bcol. ill. ;$c30 cm.
=310  \\$aThirty-two issues yearly
=336  \\$atext$2rdacontent
=337  \\$aunmediated$2rdamedia
=338  \\$avolume$2rdacarrier
=500  \\$aTitle from cover.
=540  \\$aBritish Library not licensed to copy$c0$5Uk
=595  \\$aSEE ALSO CARD INDEX.
=690  7\$aManagement and Business Studies$2blcoll
=710  2\$aComité belge de la distribution.
=852  71$aBritish Library$bSTI$cBIPC$k(P)$hAL 638$m-F(2) Business$2blsrissc$31991-2017
=852  41$aBritish Library$bHMNTS$3Earlier issues
=852  71$aBritish Library$bSTI$cRES$k(P)$hAL 638$m-F(2)$3Vol. 47, no. 7 (2006)-***Earlier issues
=945  \\$aDISTRIBUTION D AUJOURDHUI.
=979  \\$aBritish Library$bDSC$j3602.955000N$xNot selected
=ACF  \\$aBritish Library not licensed to copy$c0$e01-apr-2012$hC$iCLA Excluded$5Uk
=ACF  \\$aBritish Library not licensed to copy$c0$e01-jan-2012$hC$iCLA Excluded$5Uk
=ACF  \\$aBritish Library not licensed to copy$c0$e01-oct-2011$hC$iCLA Excluded$5Uk
=ACF  \\$aPrevious copyright fee: GBP10.50$c0$e01-jan-2011$fGBP10.50$g0$hA$5Uk
=ACF  \\$aPrevious copyright fee: GBP9.00$c0$e01-apr-2010$fGBP9.00$g0$hA$5Uk
=ACF  \\$aPrevious copyright fee: GBP6.00$c0$e01-apr-2008$fGBP6.00$g0$hA$5Uk
=ACF  \\$aPrevious copyright fee: GBP5.00$c0$e01-jul-2002$fGBP5.00$g0$hA$5Uk
=ACF  \\$aCurrent copyright fee: GBP4.40$c0$e01-jul-1998$fGBP4.40$g0$hA$5Uk
=ACF  \\$aCurrent copyright fee: GBP4.20$c0$e01-apr-1997$fGBP4.20$g0$hA$5Uk
=ACF  \\$aBritish Library not licensed to copy$c0$e01-jul-2012$hC$iCLA Excluded$5Uk
=ACF  \\$aBritish Library not licensed to copy$c0$e01-oct-2012$hC$iCFP Excluded$5Uk
=ACF  \\$aBritish Library not licensed to copy$c0$e01-jan-2013$hC$iCFP Excluded$5Uk
=CAT  \\$aCONV$b00$c20040425$lBLL90$h0855
=CAT  \\$aBATCH-UPD$b00$c20101125$lBLL01$h1211
=CAT  \\$aIPL-CLA$c20101231$lBLL01$h1511
=CAT  \\$a8874$b40$c20110419$lBLL01$h1319
=CAT  \\$a8874$b40$c20110419$lBLL01$h1322
=CAT  \\$aBATCH-CLA$b00$c20110831$lBLL01$h1800
=CAT  \\$aIPL-CLA$c20110930$lBLL01$h1547
=CAT  \\$aBATCH-CLA$b00$c20111130$lBLL01$h1156
=CAT  \\$aIPL-CLA$c20111230$lBLL01$h2017
=CAT  \\$aBATCH-CLA$b00$c20120229$lBLL01$h1556
=CAT  \\$aIPL-CLA$c20120330$lBLL01$h1434
=CAT  \\$aBATCH-CLA$b00$c20120531$lBLL01$h1718
=CAT  \\$aIPL-CLA$c20120629$lBLL01$h1032
=CAT  \\$aBATCH-CLA$b00$c20120831$lBLL01$h1543
=CAT  \\$aIPL-CLA$c20120930$lBLL01$h2117
=CAT  \\$aBATCH-CLA$b00$c20121109$lBLL01$h1731
=CAT  \\$aWR12_128$c20121113$lBLL01$h1827
=CAT  \\$aBATCH-CLA$b00$c20121130$lBLL01$h1235
=CAT  \\$aIPL-CLA$c20121231$lBLL01$h1311
=CAT  \\$aIPL-CLA$c20130102$lBLL01$h1729
=CAT  \\$aBATCH-CLA$b00$c20130228$lBLL01$h1705
=CAT  \\$aWR13.005$c20130322$lBLL01$h1920
=CAT  \\$aIPL-CLA$c20130331$lBLL01$h1054
=CAT  \\$a540_fix$c20130403$lBLL01$h2013
=CAT  \\$aBATCH-CLA$b00$c20130531$lBLL01$h1646
=CAT  \\$aIPL-CLA$c20130701$lBLL01$h0041
=CFI  0\$aBritish Library not licensed to copy$c0$e01-jul-2013$hC$iCFP Excluded$5Uk
=CFI  2\$aBritish Library not licensed to copy$c0$e01-apr-2013$hC$iCFP Excluded$5Uk
=FIN  \\$aY
=FMT  \\$a  SE
=LAS  \\$aIPL-CLA$b00$c20130701$lBLL01$h0041
=LEO  \\$aMP10.0000192132
=LEO  \\$aMP25.0000208121
=SRC  \\$aDSS03$bbibsr.200404.2.aa
=SRC  \\$aDSS01$bbibmp10.200404.2.aa
=SRC  \\$aSRI01$bbibmp25.200404.2.aa
=TCO  \\$aXXX$c008

