=LDR  05612cas a2201153 a 4500
=001  012771472
=003  Uk
=005  20221231205333.0
=007  ta
=008  830603d19831985fr\brzp\\\\\\\0\\\b0eng\d
=019  0\$as521573009
=022  0\$a0755-0685
=040  \\$aUk$cUk$dUk
=082  04$a550$221
=082  0\$a551.05$219
=084  \\$aOE 00$2blsrissc
=210  0\$aAnn. geophys.
=222  \0$aAnnales geophysicae
=245  00$aAnnales geophysicae.
=260  \\$aMontrouge :$bGauthier-Villars,$c1983-1985.
=300  \\$a3 v. :$bill. ;$c30 cm.
=310  \\$aBimonthly
=336  \\$atext$2rdacontent
=337  \\$aunmediated$2rdamedia
=338  \\$avolume$2rdacarrier
=362  0\$aVol. 1, no. 1 (Jan.-Feb. 1983)-v. 3, no. 6 (Nov.-Dec. 1985).
=500  \\$aJournal of the European Geophysical Society.
=540  \\$aCurrent Copyright Fee: GBP25.00$c0$5Uk
=546  \\$aText in English, French, German, Italian, or Spanish; summaries in English.
=580  \\$aSplit into: Annales geophysicae. Series A, Upper atmosphere and space sciences; and: Annales geophysicae. Series B, Terrestrial and planetary physics.
=650  \0$aGeophysics$vPeriodicals.
=710  2\$aEuropean Geophysical Society.
=780  14$tAnnales de géophysique$x0003-4029
=780  14$tAnnali di geofisica$x0365-2556
=785  16$tAnnales geophysicae. Series A, Upper atmosphere and space sciences$x0980-8752
=785  16$tAnnales geophysicae. Series B, Terrestrial and planetary physics$x0980-8760
=852  49$aBritish Library$bDSC$3See shelfmark 0977.900000
=852  71$aBritish Library$bSTI$k(P)$hOE 00$m-E(48)$2blsrissc$3Vol.1 (1983)-v. 3 (1985). ; Deficient: vol.1, no.2 - vol.3, no.5, 1983-85
=ACF  \\$aPrevious Copyright Fee: GBP2.00$c0$e01-jul-2009$fGBP2.00$g0$hC$5Uk
=ACF  \\$aPrevious Copyright Fee: GBP2.00$c0$e01-apr-2009$fGBP2.00$g0$hC$5Uk
=ACF  \\$aPrevious Copyright Fee: GBP1.75$c0$e01-jan-2009$fGBP1.75$g0$hC$5Uk
=ACF  \\$aPrevious Copyright Fee: GBP1.25$c0$e01-oct-2008$fGBP1.25$g0$hC$5Uk
=ACF  \\$aPrevious Copyright Fee: GBP1.40$c0$e01-jul-2008$fGBP1.40$g0$hC$5Uk
=ACF  \\$aPrevious Copyright Fee: GBP1.40$c0$e01-apr-2008$fGBP1.40$g0$hC$5Uk
=ACF  \\$aPrevious Copyright Fee: GBP1.40$c0$e01-jan-2008$fGBP1.40$g0$hC$5Uk
=ACF  \\$aPrevious Copyright Fee: GBP1.40$c0$e01-oct-2007$fGBP1.40$g0$hC$5Uk
=ACF  \\$aPrevious Copyright Fee: GBP1.40$c0$e01-jul-2007$fGBP1.40$g0$hC$5Uk
=ACF  \\$aPrevious Copyright Fee: GBP1.44$c0$e01-apr-2007$fGBP1.44$g0$hC$5Uk
=ACF  \\$aPrevious Copyright Fee: GBP1.51$c0$e01-jan-2007$fGBP1.51$g0$hC$5Uk
=ACF  \\$aPrevious Copyright Fee: GBP1.51$c0$e01-oct-2006$fGBP1.51$g0$hC$5Uk
=ACF  \\$aPrevious Copyright Fee: GBP1.60$c0$e01-jul-2006$fGBP1.60$g0$hC$5Uk
=ACF  \\$aPrevious Copyright Fee: GBP1.60$c0$e01-apr-2006$fGBP1.60$g0$hC$5Uk
=ACF  \\$aPrevious Copyright Fee: GBP1.56$c0$e01-jan-2006$fGBP1.56$g0$hC$5Uk
=ACF  \\$aPrevious Copyright Fee: GBP1.51$c0$e01-oct-2005$fGBP1.51$g0$hC$5Uk
=ACF  \\$aPrevious Copyright Fee: GBP1.51$c0$e01-jul-2005$fGBP1.51$g0$hC$5Uk
=ACF  \\$aPrevious Copyright Fee: GBP1.51$c0$e01-apr-2005$fGBP1.51$g0$hC$5Uk
=ACF  \\$aPrevious Copyright Fee: GBP1.56$c0$e01-jan-2005$fGBP1.56$g0$hC$5Uk
=ACF  \\$aPrevious Copyright Fee: GBP1.51$c0$e01-oct-2004$fGBP1.51$g0$hC$5Uk
=ACF  \\$aPrevious copyright fee: GBP10.50$c0$e01-jan-2011$fGBP10.50$g0$hA$5Uk
=ACF  \\$aPrevious copyright fee: GBP12.00$c0$e01-jan-2012$fGBP12.00$g0$hA$5Uk
=ACF  \\$aPrevious Copyright Fee: GBP12.30$c0$e01-jan-2014$fGBP12.30$g0$hA$5Uk
=ACF  \\$aPrevious Copyright Fee: GBP15.00$c0$e01-jan-2017$fGBP15.00$g0$hA$5Uk
=ACF  \\$aPrevious Copyright Fee: GBP17.50$c0$e01-jan-2018$fGBP17.50$g0$hA$5Uk
=ACF  \\$aPrevious Copyright Fee: GBP20.00$c0$e01-jan-2020$fGBP20.00$g0$hA$5Uk
=CAT  \\$aCONV$b00$c20040425$lBLL90$h0855
=CAT  \\$aBATCH-UPD$b00$c20090401$lBLL01$h0042
=CAT  \\$aBATCH$b00$c20090401$lBLL01$h0212
=CAT  \\$aBATCH-CLA$b00$c20090529$lBLL01$h1703
=CAT  \\$aBATCH-UPD$b00$c20090701$lBLL01$h2013
=CAT  \\$aBATCH-UPD$b00$c20090701$lBLL01$h2041
=CAT  \\$aBATCH$b00$c20090701$lBLL01$h2102
=CAT  \\$aBATCH$b00$c20091211$lBLL01$h0017
=CAT  \\$aBATCH-UPD$b00$c20101201$lBLL01$h1249
=CAT  \\$aIPL-CLA$c20101231$lBLL01$h1511
=CAT  \\$aWR11_203$c20111204$lBLL01$h1507
=CAT  \\$aIPL-CLA$c20111230$lBLL01$h2017
=CAT  \\$aBATCH-CLA$b00$c20121109$lBLL01$h1731
=CAT  \\$aBATCH-CLA$c20131220$lBLL01$h2026
=CAT  \\$aIPL-CLA$c20131231$lBLL01$h2334
=CAT  \\$aBATCH-CLA$b00$c20161222$lBLL01$h1802
=CAT  \\$aIPL-CLA$c20161230$lBLL01$h2121
=CAT  \\$aBATCH-CLA$b00$c20171222$lBLL01$h2122
=CAT  \\$aIPL-CLA$c20171231$lBLL01$h1629
=CAT  \\$aBATCH-CLA$b00$c20191219$lBLL01$h1730
=CAT  \\$aIPL-CLA$c20191231$lBLL01$h1926
=CAT  \\$aR2001-1524$c20200127$lBLL01$h2003
=CAT  \\$aBATCH-CLA$b00$c20201204$lBLL01$h1531
=CAT  \\$aIPL-CLA$c20201231$lBLL01$h2149
=CAT  \\$aBATCH-CLA$b00$c20221221$lBLL01$h1839
=CAT  \\$aIPL-CLA$c20221231$lBLL01$h2053
=CFI  0\$aCurrent Copyright Fee: GBP25.00$c0$e01-jan-2023$fGBP25.00$g0$hA$5Uk
=CFI  2\$aPrevious Copyright Fee: GBP22.50$c0$e01-jan-2021$fGBP22.50$g0$hA$5Uk
=FIN  \\$aY
=FMT  \\$a  SE
=LAS  \\$aIPL-CLA$b00$c20221231$lBLL01$h2053
=LEO  \\$aMP25.0000212662
=LKR  \\$aPAR$b009833132$lBLL01$r78014$mAnnales geophysicae$nAnnales de géophysique
=SRC  \\$aSRI01$bbibmp25.200404.2.aa
=TCO  \\$aFRA$bCFC$c008

