=LDR  01771 am a2200409ua 4500
=001  012780664
=003  Uk
=005  20091123033400.0
=008  860408|1982\\\\xxu\\\\||\\\\|1||\||eng\\
=019  0\$as536890005
=040  \\$aUk$cUk
=084  \\$aEM 80$2blsrissc
=111  2\$aInternational Conference on Aquaculture Nutrition$n(2nd :$d1981 :$cLewes/Rehoboth Beach, Del.)
=245  10$aProceedings of the second International Conference on Aquaculture Nutrition :$bbiochemical and physiological approaches to shellfish nutrition ... 1981, Lewes/Rehoboth Beach, Delaware /$cedited by Gary D. Pruder, Christopher J. Langdon, Douglas E. Conklin.
=246  3\$aBiochemical and physiological approaches to shellfish nutrition
=260  \\$aBaton Rouge, La. :$bLouisiana State University, Division of Continuing Education,$c1982.
=300  \\$a444p. ;$c24cm.
=336  \\$atext$2rdacontent
=337  \\$aunmediated$2rdamedia
=338  \\$avolume$2rdacarrier
=490  1\$aSpecial publication ;$vno.2
=500  \\$aConference sponsored by the University of Delaware Sea Grant Program and other, bodies.
=700  1\$aPruder, Gary D.
=700  1\$aLangdon, Christopher J.
=700  1\$aConklin, Douglas E.
=710  2\$aUniversity of Delaware.$bSea Grant College Program.
=810  2\$aLouisiana State University.$bDivision of Continuing Education.$tSpecial publication ;$vno.2.
=852  41$aBritish Library$bHMNTS
=852  71$aBritish Library$bSTI$k(B)$hEM 80$2blsrissc
=CAT  \\$aCONV$b00$c20040425$lBLL90$h0856
=CAT  \\$aCONV$b00$c20040502$lBLL01$h1520
=CAT  \\$aBATCH$b00$c20091123$lBLL01$h0334
=FIN  \\$aY
=FMT  \\$a  BK
=LAS  \\$aBATCH$b00$c20091123$lBLL01$h0334
=LEO  \\$aMP25.0000228318
=SRC  \\$aSRI01$bbibmp25.200404.2.aa

