=LDR  01656pam a2200481 a 4500
=001  012873615
=003  Uk
=005  20050407133602.0
=008  040805s2005\\\\ncua\\\\\be\\\001\0\eng\\
=010  \\$a2004018309
=015  \\$aGBA4X7482$2bnb
=016  7\$a012873615$2Uk
=020  \\$a0786417943 :$c£47.95
=020  \\$a0786417943 (illustrated case binding : alk. paper) :$cNo price
=040  \\$aStDuBDS$dUk
=042  \\$aukblsr
=050  00$aRC200.1$b.M66 2005
=082  00$a616.951003$222
=100  1\$aMoore, Elaine A.,$d1948-
=245  10$aEncyclopedia of sexually transmitted diseases /$cElaine A. Moore with Lisa Marie Moore ; illustrations by Marvin G. Miller.
=260  \\$aJefferson, N.C. ;$aLondon :$bMcFarland & Company;,$c2005.
=300  \\$avii, 280 p. :$bill. ;$c26 cm.
=336  \\$atext$2rdacontent
=337  \\$aunmediated$2rdamedia
=338  \\$avolume$2rdacarrier
=500  \\$aFormerly CIP.$5Uk
=504  \\$aIncludes bibliographical references and index.
=650  \0$aSexually transmitted diseases$vEncyclopedias.
=700  1\$aMoore, Lisa,$d1973-
=852  11$aBritish Library$bSTI$k(B)$h616.951
=852  \\$aBritish Library$bHMNTS
=CAT  \\$aBATCH$b00$c20040530$lBLL01$h1119
=CAT  \\$c20040530$lBLL01$h1130
=CAT  \\$aCIPCORR$c20040613$lBLL01$h1856
=CAT  \\$a12327$b40$c20050401$lBLL01$h0906
=CAT  \\$a9678$b40$c20050405$lBLL01$h0901
=CAT  \\$a5264$b40$c20050406$lBLL01$h1242
=CAT  \\$a5264$b40$c20050407$lBLL01$h1336
=CAT  \\$aWR16_021$c20160610$lBLL01$h1939
=FIN  \\$aY$d20050406
=FMT  \\$a  BK
=LAS  \\$aWR16_021$b00$c20160610$lBLL01$h1939
=SRC  \\$aBLL02

