=LDR  01412pam a2200457 a 4500
=001  012874847
=003  Uk
=005  20041220104212.0
=008  040420s2004\\\\cc\a\\\\\\\\\\001\0\eng\d
=015  \\$aGBA4X6221$2bnb
=016  7\$a012874847$2Uk
=020  \\$a0596005393 (pbk.) :$cNo price
=035  \\$a(UkCU)3680555
=040  \\$aStDuBDS$dUkCU$dUk
=042  \\$aUkblsr
=082  04$a005.71262$222
=100  1\$aBergsten, Hans.
=245  10$aJavaServer Faces /$cHans Bergsten.
=260  \\$aBeijing ;$aFarnham :$bO'Reilly,$c2004.
=300  \\$axiv, 589 p. :$bill. ;$c24 cm.
=336  \\$atext$2rdacontent
=337  \\$aunmediated$2rdamedia
=338  \\$avolume$2rdacarrier
=500  \\$aIncludes index.
=500  \\$aFormerly CIP.$5Uk
=630  00$aJavaServer pages.
=650  \0$aWeb site development.
=852  11$aBritish Library$bSTI$k(B)$h005.2762$mJAV
=852  41$aBritish Library$bHMNTS
=CAT  \\$aBATCH$b00$c20040530$lBLL01$h1135
=CAT  \\$c20040530$lBLL01$h1136
=CAT  \\$c20040530$lBLL01$h1142
=CAT  \\$aCIPCORR$c20040613$lBLL01$h1856
=CAT  \\$a9523$b40$c20041207$lBLL01$h0930
=CAT  \\$a10896$b40$c20041220$lBLL01$h1042
=CAT  \\$aBATCH-UPD$b40$c20160604$lBLL01$h2258
=CAT  \\$aBATCH$b00$c20160608$lBLL01$h1613
=CAT  \\$aWR16_021$c20160608$lBLL01$h1713
=FIN  \\$aY$d20041220
=FMT  \\$a  BK
=LAS  \\$aWR16_021$b00$c20160608$lBLL01$h1713

