=LDR  01817pam a2200553 a 4500
=001  012876145
=003  Uk
=005  20050617093545.0
=008  040205s2004\\\\ne\a\\\\\b\\\\001\0\eng\\
=010  \\$a  2004043626
=015  \\$aGBA4X4917$2bnb
=016  7\$a012876145$2Uk
=020  \\$a0750674660 :$c£37.99
=035  \\$a(DNLM)101206070
=040  \\$aStDuBDS$dUk
=042  \\$aukblsr
=050  00$aRC346.3$b.T68 2004
=060  10$aWL 140$bT722 2004
=082  00$a616.806$222
=245  00$aTough calls in acute neurology /$cedited by Alejandro A. Rabinstein, Eelco F.M. Wijdicks.
=260  \\$aAmsterdam ;$aLondon :$bElsevier Butterworth-Heinemann,$cc2004.
=300  \\$axv, 355 p. :$bill. ;$c27 cm.
=336  \\$atext$2rdacontent
=337  \\$aunmediated$2rdamedia
=338  \\$avolume$2rdacarrier
=500  \\$aFormerly CIP.$5Uk
=504  \\$aIncludes bibliographical references and index.
=650  \0$aNeurology$xDecision making.
=650  \0$aNeurological errors.
=650  12$aNervous System Diseases$xtherapy.
=650  22$aAcute Disease.
=650  22$aEvidence-Based Medicine.
=650  22$aNervous System Diseases$xdiagnosis.
=700  1\$aRabinstein, Alejandro A.
=700  1\$aWijdicks, Eelco F. M.,$d1954-
=852  11$aBritish Library$bSTI$k(B)$h616.806
=852  \\$aBritish Library$bHMNTS
=CAT  \\$aBATCH$b00$c20040530$lBLL01$h1337
=CAT  \\$c20040530$lBLL01$h1339
=CAT  \\$c20040530$lBLL01$h1345
=CAT  \\$aCIPCORR$c20040613$lBLL01$h1856
=CAT  \\$a9678$b40$c20050615$lBLL01$h1330
=CAT  \\$a10938$b40$c20050617$lBLL01$h0923
=CAT  \\$a10938$b40$c20050617$lBLL01$h0935
=CAT  \\$aWR16_021$c20160610$lBLL01$h1940
=FIN  \\$aY$d20050617
=FMT  \\$a  BK
=LAS  \\$aWR16_021$b00$c20160610$lBLL01$h1940
=SRC  \\$aBLL02$bpart.2.aj

