=LDR  01572pam a2200469 a 4500
=001  012876213
=003  Uk
=005  20160610200700.0
=008  040413s2004\\\\xxua\\\\\b\\\\001\0\eng\\
=015  \\$aGBA4X4849$2bnb
=016  7\$a012876213$2Uk
=020  \\$a082474702X :$cNo price
=040  \\$aStDuBDS$beng$cUk$dUk
=042  \\$aukblsr
=082  04$a617.764$222
=245  00$aDry eye and ocular surface disorders /$cedited by Stephen C. Pflugfelder, Roger W. Beuerman, Michael E. Stern.
=260  \\$aNew York ;$a[Great Britain] :$bMarcel Dekker :,$cc2004.
=300  \\$ax, 428 p. :$bcol. ill. ;$c24 cm.
=336  \\$atext$2rdacontent
=337  \\$aunmediated$2rdamedia
=338  \\$avolume$2rdacarrier
=500  \\$aFormerly CIP.$5Uk
=504  \\$aIncludes bibliographical references and index.
=650  \0$aDry eye syndrome.
=650  \0$aLacrimal apparatus.
=650  \0$aEye$xInflammation.
=700  1\$aPflugfelder, Stephen C.
=700  1\$aBeuerman, Roger W.,$d1942-
=700  1\$aStern, Michael Elliot.
=852  \\$aBritish Library$bHMNTS
=852  11$aBritish Library$bSTI$k(B)$h617.764
=CAT  \\$aBATCH$b00$c20040530$lBLL01$h1337
=CAT  \\$c20040530$lBLL01$h1339
=CAT  \\$c20040530$lBLL01$h1345
=CAT  \\$aCIPCORR$c20040613$lBLL01$h1856
=CAT  \\$a8980$b40$c20050210$lBLL01$h1354
=CAT  \\$aBATCH$b00$c20050301$lBLL01$h1705
=CAT  \\$aWR16_021$c20160610$lBLL01$h1940
=CAT  \\$aBATCH-UPD$b00$c20160610$lBLL01$h2007
=FIN  \\$aY$d20050210
=FMT  \\$a  BK
=LAS  \\$aBATCH-UPD$b00$c20160610$lBLL01$h2007

