=LDR  01512pam a2200445 a 4500
=001  012876219
=003  Uk
=005  20050210134055.0
=008  040413s2004\\\\xxua\\\\\b\\\\001\0\eng\\
=015  \\$aGBA4X4843$2bnb
=016  7\$a012876219$2Uk
=020  \\$a0824754182 :$cNo price
=040  \\$aStDuBDS$beng$cUk$dUk
=042  \\$aukblsr
=082  04$a616.99465061$222
=245  00$aChemotherapy for gynecological neoplasms /$cedited by Roberto Angioli ... [et al.].
=260  \\$aNew York ;$a[Great Britain] :$bMarcel Dekker,$c2004.
=300  \\$axvii, 685 p. :$bill.$c26 cm.
=336  \\$atext$2rdacontent
=337  \\$aunmediated$2rdamedia
=338  \\$avolume$2rdacarrier
=490  1\$aBasic and clinical oncology ;$v28
=500  \\$aFormerly CIP.$5Uk
=504  \\$aIncludes bibliographical references and index.
=650  \0$aGenerative organs, Female$xCancers$xChemotherapy.
=700  1\$aAngioli, R.
=830  \0$aBasic and clinical oncology ;$v28.
=852  \\$aBritish Library$bHMNTS
=852  11$aBritish Library$bSTI$k(B)$h616.99465
=CAT  \\$aBATCH$b00$c20040530$lBLL01$h1337
=CAT  \\$c20040530$lBLL01$h1339
=CAT  \\$c20040530$lBLL01$h1345
=CAT  \\$aCIPCORR$c20040613$lBLL01$h1856
=CAT  \\$a8980$b40$c20050210$lBLL01$h1340
=CAT  \\$aBATCH$b00$c20091217$lBLL01$h0318
=CAT  \\$aBATCH-UPD$b00$c20100106$lBLL01$h2012
=CAT  \\$aWR16_021$c20160610$lBLL01$h1940
=FIN  \\$aY$d20050210
=FMT  \\$a  BK
=LAS  \\$aWR16_021$b00$c20160610$lBLL01$h1940

