=LDR  01557pam a2200457 a 4500
=001  012876730
=003  Uk
=005  20050615114955.0
=008  040427s2004\\\\xxua\\\\\b\\\\001\0\eng\\
=015  \\$aGBA4X4341$2bnb
=016  7\$a012876730$2Uk
=020  \\$a0750674229 :$c£88.00
=040  \\$aStDuBDS$beng$cUk$dUk
=042  \\$aukblsr
=082  04$a617.7710592$222
=100  1\$aChen, William Pai-Dei.
=245  10$aColor atlas of cosmetic oculofacial surgery /$cWilliam Pai-Dei Chen, Jemshed A. Khan, Clinton D. McCord, Jr.
=260  \\$aPhiladelphia ;$aEdinburgh :$bButterworth-Heinemann,$c2004.
=300  \\$a302 p. :$bill. (some col.) ;$c29 cm.
=336  \\$atext$2rdacontent
=337  \\$aunmediated$2rdamedia
=338  \\$avolume$2rdacarrier
=504  \\$aIncludes bibliographical references and index.
=650  \0$aFace$xSurgery$vAtlases.
=650  \0$aSurgery, Plastic$vAtlases.
=700  1\$aKhan, Jemshed A.
=700  1\$aMcCord, Clinton D.,$cJr.
=852  11$aBritish Library$bSTI$k(B)$h617.771
=852  \\$aBritish Library$bHMNTS
=CAT  \\$aBATCH$b00$c20040530$lBLL01$h1348
=CAT  \\$c20040530$lBLL01$h1350
=CAT  \\$c20040530$lBLL01$h1356
=CAT  \\$aCIPCORR$c20040613$lBLL01$h1857
=CAT  \\$a11249$b40$c20041202$lBLL01$h1050
=CAT  \\$a8980$b40$c20050615$lBLL01$h1036
=CAT  \\$a8980$b40$c20050615$lBLL01$h1149
=CAT  \\$a5194$b40$c20160128$lBLL01$h1536
=CAT  \\$aWR16_021$c20160610$lBLL01$h1940
=FIN  \\$aY$d20050615
=FMT  \\$a  BK
=LAS  \\$aWR16_021$b00$c20160610$lBLL01$h1940

