=LDR  01538aam a2200481 a 4500
=001  012877275
=003  Uk
=005  20070831105155.0
=008  000406s2000\\\\flua\\\\\b\\\\001\0\eng\\
=010  \\$a   00039067 
=015  \\$aGBA4X3767$2bnb
=016  7\$a012877275$2Uk
=020  \\$a1575241552 :$c£48.50
=040  \\$aStDuBDS$beng$cStDuBDS$dUk
=042  \\$aukblsr
=050  00$aTJ175$b.C43 2000
=082  00$a621.811$221
=100  10$aChiang, C. H.
=245  10$aKinematics of spherical mechanisms /$cC.H. Chiang.
=260  \\$aMalabar, Fla. :$bKrieger ;$aLondon :$bEurospan,$c2000.
=300  \\$axi, 409 p. :$bill. ;$c23 cm.
=336  \\$atext$2rdacontent
=337  \\$aunmediated$2rdamedia
=338  \\$avolume$2rdacarrier
=500  \\$aFormerly CIP.$5Uk
=504  \\$aIncludes bibliographical references and index.
=650  \0$aMachinery, Kinematics of.
=650  \0$aLinks and link-motion.
=650  \0$aSpherical trigonometry.
=852  71$aBritish Library$bSTI$k(B)$hST 58$2blsrissc
=852  \\$aBritish Library$bHMNTS
=BUF  \\$aN$d20070824
=CAT  \\$aBATCH$b00$c20040530$lBLL01$h1348
=CAT  \\$c20040530$lBLL01$h1350
=CAT  \\$c20040530$lBLL01$h1356
=CAT  \\$aCIPCORR$c20040613$lBLL01$h1857
=CAT  \\$a12324$b40$c20070824$lBLL01$h1022
=CAT  \\$aBATCH-BUOC$b00$c20070831$lBLL01$h1051
=CAT  \\$aBATCH-UPD$b00$c20141201$lBLL01$h0909
=CAT  \\$aWR16_021$c20160610$lBLL01$h1940
=FIN  \\$aY$d20070824
=FMT  \\$a  BK
=LAS  \\$aWR16_021$b00$c20160610$lBLL01$h1940

