=LDR  01497 am a2200469 a 4500
=001  012877361
=003  Uk
=005  20050728085753.0
=008  040210s2004\\\\nyua\\\\\b\\\\001\0\eng\\
=010  \\$a  2004003042
=015  \\$aGBA564059$2bnb
=016  7\$a012877361$2Uk
=020  \\$a1590339460 (cased) :$cNo price
=040  \\$aStDuBDS$dUk
=042  \\$aukblsr
=082  00$a662.622$222
=245  00$aStructure and thermoplasticity of coal /$cIkuo Komaki, Shozo Itagaki, and Takatoshi Miura, editors.
=260  \\$aNew York ;$a[Great Britain] :$bNova Science Publishers,$c2005.
=300  \\$a193 p. ;$c26 cm.
=336  \\$atext$2rdacontent
=337  \\$aunmediated$2rdamedia
=338  \\$avolume$2rdacarrier
=504  \\$aIncludes bibliographical references and index.
=650  \0$aCoal.
=650  \0$aThermoelasticity.
=700  1\$aKomaki, Ikuo.
=700  1\$aItagaki, Shozo.
=700  1\$aMiura, Takatoshi.
=852  11$aBritish Library$bSTI
=852  11$aBritish Library$bSTI$k(B)$h662.622
=CAT  \\$aBATCH$b00$c20040530$lBLL01$h1348
=CAT  \\$c20040530$lBLL01$h1350
=CAT  \\$c20040530$lBLL01$h1356
=CAT  \\$aCIPCORR$c20040613$lBLL01$h1857
=CAT  \\$a5375$b40$c20050701$lBLL01$h1436
=CAT  \\$a12327$b40$c20050726$lBLL01$h0911
=CAT  \\$a10883$b40$c20050728$lBLL01$h0857
=CAT  \\$aWR16_021$c20160610$lBLL01$h1941
=FIN  \\$aY$d20050701
=FMT  \\$a  BK
=LAS  \\$aWR16_021$b00$c20160610$lBLL01$h1941
=SRC  \\$aBLL02$bpart.2.aj

