=LDR  01486pam a2200445 a 4500
=001  012877516
=003  Uk
=005  20050620134206.0
=008  040512s2004\\\\ne\a\\\\\b\\\\001\0\eng\\
=015  \\$aGBA4X3548$2bnb
=016  7\$a012877516$2Uk
=020  \\$a0124575536 :$c£49.99
=040  \\$aStDuBDS$dUk
=042  \\$aukblsr
=082  04$a577.3$222
=245  00$aForest canopies.
=250  \\$a2nd ed. /$bedited by Margaret D. Lowman, H. Bruce Rinker.
=260  \\$aAmsterdam ;$aLondon :$bElsevier Academic Press,$cc2004.
=300  \\$axxiii, 517 p. :$bill. (some col.) ;$c27 cm.
=336  \\$atext$2rdacontent
=337  \\$aunmediated$2rdamedia
=338  \\$avolume$2rdacarrier
=500  \\$aPrevious ed.: / edited by Margaret D. Lowman, Nalini M. Nadkarni. San Diego ; London : Academic Press, c1995.
=500  \\$aFormerly CIP.$5Uk
=504  \\$aIncludes bibliographical references and index.
=650  \0$aForest canopy ecology.
=650  \0$aForest canopies.
=700  1\$aLowman, Margaret.
=700  1\$aRinker, H. Bruce.
=852  11$aBritish Library$bSTI$k(B)$h577.3
=852  \\$aBritish Library$bHMNTS
=CAT  \\$aBATCH$b00$c20040530$lBLL01$h1403
=CAT  \\$c20040530$lBLL01$h1405
=CAT  \\$c20040530$lBLL01$h1411
=CAT  \\$aCIPCORR$c20040613$lBLL01$h1857
=CAT  \\$a12179$b40$c20050620$lBLL01$h1342
=CAT  \\$aWR16_021$c20160610$lBLL01$h1941
=FIN  \\$aY$d20050620
=FMT  \\$a  BK
=LAS  \\$aWR16_021$b00$c20160610$lBLL01$h1941

