=LDR  01581pam a2200481 a 4500
=001  012877856
=003  Uk
=005  20050620091032.0
=008  040513s2004\\\\xxua\\\\\b\\\\001\0\eng\\
=010  \\$a2004046548
=015  \\$aGBA4X3200$2bnb
=016  7\$a012877856$2Uk
=020  \\$a1560536330 (pbk.) :$c£24.99
=040  \\$aStDuBDS$dUk
=042  \\$aukblsr
=082  04$a636.0896075$222
=100  1\$aCowell, Rick L.
=245  10$aVeterinary clinical pathology secrets /$cRick L. Cowell.
=260  \\$aSt. Louis ;$a[London] :$bElsevier Mosby,$cc2004.
=300  \\$axii, 392 p. :$bill. ;$c23 cm.
=336  \\$atext$2rdacontent
=337  \\$aunmediated$2rdamedia
=338  \\$avolume$2rdacarrier
=490  1\$aSecrets series
=500  \\$aIncludes bibliographical references and index.
=500  \\$aFormerly CIP.$5Uk
=650  \0$aVeterinary clinical pathology$vExaminations, questions, etc.
=830  \0$aSecrets series.
=852  11$aBritish Library$bSTI$k(B)$h636.089075
=852  \\$aBritish Library$bHMNTS
=CAT  \\$aBATCH$b00$c20040530$lBLL01$h1403
=CAT  \\$c20040530$lBLL01$h1405
=CAT  \\$c20040530$lBLL01$h1411
=CAT  \\$aCIPCORR$c20040613$lBLL01$h1857
=CAT  \\$a10812$b40$c20050616$lBLL01$h1235
=CAT  \\$a9671$b40$c20050620$lBLL01$h0859
=CAT  \\$a9671$b40$c20050620$lBLL01$h0910
=CAT  \\$aBATCH$b00$c20091217$lBLL01$h0318
=CAT  \\$aWR16_021$c20160610$lBLL01$h1941
=CAT  \\$aBATCH-UPD$b00$c20160610$lBLL01$h2014
=FIN  \\$aY$d20050620
=FMT  \\$a  BK
=LAS  \\$aBATCH-UPD$b00$c20160610$lBLL01$h2014

