=LDR  01927 am a2200553 a 4500
=001  012880786
=003  Uk
=005  20060112172200.0
=008  031024s2004\\\\ilua\\\\\b\\\\001\0\eng\\
=010  \\$a  2003023172
=015  \\$aGBA4X0238$2bnb
=016  7\$a012880786$2Uk
=020  \\$a0813808847 (hbk.) :$c£79.50
=040  \\$aStDuBDS$beng$cStDuBDS$dUk
=042  \\$aukblsr
=050  00$aQR115$b.P735 2004
=082  00$a664$222
=245  00$aPreharvest and postharvest food safety :$bcontemporary issues and future directions /$cRoss C. Beier ... [et al.] editors ; foreword by Elsa A. Murano ; afterword by Neville P. Clarke.
=246  30$aContemporary issues and future directions
=250  \\$a1st ed.
=260  \\$aAmes, Iowa :$bIowa State University Press ;$aOxford :$bBlackwell,$c2004.
=300  \\$axxiv, 455 p. :$bill. ;$c26 cm.
=336  \\$atext$2rdacontent
=337  \\$aunmediated$2rdamedia
=338  \\$avolume$2rdacarrier
=490  1\$aIFT Press series
=500  \\$aFormerly CIP.$5Uk
=504  \\$aIncludes bibliographical references and index.
=650  \0$aFood$xMicrobiology.
=650  \0$aFood$xSafety measures.
=650  \0$aAgricultural microbiology.
=700  1\$aBeier, Ross C.,$d1946-
=830  \0$aIFT Press series.
=852  11$aBritish Library$bSTI$k(B)$h664
=852  \\$aBritish Library$bHMNTS
=BUF  \\$aN$d20051010
=CAT  \\$aBATCH$b00$c20040530$lBLL01$h1453
=CAT  \\$c20040530$lBLL01$h1455
=CAT  \\$c20040530$lBLL01$h1508
=CAT  \\$aCIPCORR$c20040613$lBLL01$h1858
=CAT  \\$a12325$b40$c20051010$lBLL01$h1453
=CAT  \\$aBATCH-BUOC$b00$c20060112$lBLL01$h1722
=CAT  \\$c20060124$lBLL01$h1655
=CAT  \\$aBATCH$b00$c20091217$lBLL01$h0318
=CAT  \\$aWR16_021$c20160610$lBLL01$h1942
=CAT  \\$aBATCH-UPD$b00$c20160610$lBLL01$h2024
=FIN  \\$aY$d20051010
=FMT  \\$a  BK
=LAS  \\$aBATCH-UPD$b00$c20160610$lBLL01$h2024

