=LDR  01563aam a2200493 a 4500
=001  012881179
=003  Uk
=005  20070719213440.0
=008  040226s2004\\\\maua\\\\\\\\\\001\0\eng\\
=010  \\$a  2004044529
=015  \\$aGBA4W9834$2bnb
=016  7\$a012881179$2Uk
=020  \\$a1568811667 (hbk.) :$c£49.95
=040  \\$aStDuBDS$beng$cStDuBDS$dUk
=042  \\$aukblsr
=050  00$aQA39.3$b.M435 2004
=082  00$a510$222
=100  10$aMaurer, Stephen B.
=245  10$aDiscrete algorithmic mathematics /$cStephen B. Maurer, Anthony Ralston.
=250  \\$a3rd ed.
=260  \\$aNatick, Mass. :$bA K Peters ;$aLondon :$bTransatlantic,$cc2004.
=300  \\$axxviii, 772 p. :$bill. (some col.) ;$c25 cm.
=336  \\$atext$2rdacontent
=337  \\$aunmediated$2rdamedia
=338  \\$avolume$2rdacarrier
=500  \\$aFormerly CIP.$5Uk
=500  \\$aIncludes index.
=650  \0$aMathematics.
=650  \0$aComputer science$xMathematics.
=700  1\$aRalston, Anthony.
=852  11$aBritish Library$bSTI$k(B)$h510
=852  \\$aBritish Library$bHMNTS
=BUF  \\$aN$d20070713
=CAT  \\$aBATCH$b00$c20040530$lBLL01$h1453
=CAT  \\$c20040530$lBLL01$h1455
=CAT  \\$c20040530$lBLL01$h1508
=CAT  \\$aCIPCORR$c20040613$lBLL01$h1858
=CAT  \\$a8178$b40$c20070713$lBLL01$h1207
=CAT  \\$aBATCH-BUOC$b00$c20070719$lBLL01$h2134
=CAT  \\$aBATCH-UPD$b00$c20141220$lBLL01$h1040
=CAT  \\$aWR16_021$c20160610$lBLL01$h1942
=FIN  \\$aY$d20070713
=FMT  \\$a  BK
=LAS  \\$aWR16_021$b00$c20160610$lBLL01$h1942

