=LDR  01301 am a2200409 a 4500
=001  012881229
=003  Uk
=005  20041110095032.0
=008  040512s2004\\\\enka\\\\\\\\\\000\0\eng\\
=015  \\$aGBA4W9779$2bnb
=016  7\$a012881229$2Uk
=020  \\$a1578202442 (pbk.) :$c£14.99
=040  \\$aStDuBDS$dUk
=042  \\$aUkblsr
=082  04$a781.490285536$222
=100  1\$aFisher, Jeffrey P.$q(Jeffrey Paul),$d1963-
=245  10$aInstant Sound Forge /$cJeffrey P. Fisher.
=260  \\$aSan Francisco, Calif. ;$a[Great Britain] :$bCMP,$c2004.
=300  \\$a209 p. :$bill. ;$c24 cm.
=336  \\$atext$2rdacontent
=337  \\$aunmediated$2rdamedia
=338  \\$avolume$2rdacarrier
=490  1\$aV.A.S.S.T.
=650  \0$aSound$xRecording and producing$xComputer programs.
=830  \0$aV.A.S.S.T.
=852  \\$aBritish Library$bHMNTS
=852  41$aBritish Library$bHMNTS$cSPHOA$kHUS$h621.3893
=CAT  \\$aBATCH$b00$c20040530$lBLL01$h1453
=CAT  \\$c20040530$lBLL01$h1455
=CAT  \\$c20040530$lBLL01$h1508
=CAT  \\$aCIPCORR$c20040613$lBLL01$h1858
=CAT  \\$a10896$b40$c20041110$lBLL01$h0950
=CAT  \\$aBATCH$b00$c20091217$lBLL01$h0318
=CAT  \\$aWR16_021$c20160610$lBLL01$h1942
=FIN  \\$aY
=FMT  \\$a  BK
=LAS  \\$aWR16_021$b00$c20160610$lBLL01$h1942

