=LDR  01809pam a2200553 a 4500
=001  012881374
=003  Uk
=005  20050622111337.0
=007  ta
=007  co\|g|||||||||
=008  040526s2004\\\\maua\\\\\\\\\\001\0\eng\d
=010  \\$a2004108007
=015  \\$aGBA4W9633$2bnb
=016  7\$a012881374$2Uk
=020  \\$a1592000932 (pbk.) :$c£38.00
=035  \\$a(OCoLC)ocm56430753
=040  \\$aStDuBDS$dUk
=042  \\$aukblsr
=082  04$a794.81526$222
=100  1\$aConger, David.
=245  10$aPhysics modeling for game programmers /$cDavid Conger.
=260  \\$aBoston, Mass. ;$a[London] :$bThomson/Course Technology,$cc2004.
=300  \\$axxv, 513 p. :$bill. ;$c23 cm.
=336  \\$atext$2rdacontent
=337  \\$aunmediated$2rdamedia
=338  \\$avolume$2rdacarrier
=490  1\$aGame development series
=500  \\$aOne CR-ROM in pocket attached to inside back cover.
=500  \\$aIncludes index.
=650  \0$aComputer games$xDesign.
=650  \0$aComputer games$xProgramming.
=650  \0$aComputer graphics.
=830  \0$aPremier Press game development series.
=852  11$aBritish Library$bSTI$k(B)$h794.81526$3Accompanying CD-ROM at (TB) 794.81526
=852  11$aBritish Library$bSTI$k(TB)$h794.81526
=852  \\$aBritish Library$bHMNTS
=CAT  \\$aBATCH$b00$c20040530$lBLL01$h1453
=CAT  \\$c20040530$lBLL01$h1455
=CAT  \\$c20040530$lBLL01$h1508
=CAT  \\$aCIPCORR$c20040613$lBLL01$h1858
=CAT  \\$a12325$b40$c20050616$lBLL01$h1228
=CAT  \\$a6632$b40$c20050621$lBLL01$h1501
=CAT  \\$a5264$b40$c20050622$lBLL01$h1113
=CAT  \\$aBATCH-RDA$c20160127$lBLL01$h1358
=CAT  \\$aWR16_021$c20160610$lBLL01$h1942
=FIN  \\$aY$d20050622
=FMT  \\$a  BK
=LAS  \\$aWR16_021$b00$c20160610$lBLL01$h1942
=SID  \\$aZ39$bLOC

