=LDR  01512 am a2200469 a 4500
=001  012881596
=003  Uk
=005  20041014095937.0
=008  040519s2004\\\\enkac\\\\\\\\\000\0\eng\\
=015  \\$aGBA4W9402$2bnb
=016  7\$a012881596$2Uk
=020  \\$a1843533294 (pbk.) :$cNo price
=040  \\$aStDuBDS$dUk
=042  \\$aUkblsr
=082  04$a782.4216460922$222
=100  1\$aBarrow, Steve,$d1945-
=245  14$aThe rough guide to reggae /$cwritten by Steve Barrow and Peter Dalton.
=250  \\$a3rd ed.
=260  \\$aLondon :$bRough Guides,$c2004.
=300  \\$axi, 484 p. :$bill. , ports. ;$c24 cm.
=336  \\$atext$2rdacontent
=337  \\$aunmediated$2rdamedia
=338  \\$avolume$2rdacarrier
=500  \\$aPrevious ed.: published as Reggae. 2001.
=504  \\$aIncludes index.
=650  \0$aReggae musicians$vBiography.
=650  \0$aReggae music$xHistory.
=700  1\$aDalton, Peter,$d1948-
=700  1\$aBarrow, Steve,$d1945-
=852  41$aBritish Library$bHMNTS
=852  41$aBritish Library$bHMNTS$cSPHOA$kHUS$h789.4600296
=CAT  \\$aBATCH$b00$c20040530$lBLL01$h1453
=CAT  \\$c20040530$lBLL01$h1456
=CAT  \\$c20040530$lBLL01$h1508
=CAT  \\$aCIPCORR$c20040613$lBLL01$h1858
=CAT  \\$a10896$b40$c20041014$lBLL01$h0959
=CAT  \\$aWR16_021$c20160610$lBLL01$h1942
=CAT  \\$aBATCH-UPD$b00$c20160610$lBLL01$h2027
=CAT  \\$aBATCH-UPD$b00$c20160711$lBLL01$h0402
=FIN  \\$aY
=FMT  \\$a  BK
=LAS  \\$aBATCH-UPD$b00$c20160711$lBLL01$h0402

