=LDR  01375cam a2200421 a 4500
=001  012914514
=003  Uk
=005  20220331222606.0
=008  040511s2004\\\\enka\\\\\b\\\\001\0\eng\\
=015  \\$aGBA440887$2bnb
=020  \\$a0471489840 (cased) :$cNo price
=040  \\$aUk$beng$cUk
=042  \\$aukblsr
=082  04$a572.57$222
=245  04$aThe eicosanoids /$cedited by Peter Curtis-Prior.
=260  \\$aChichester :$bJohn Wiley,$cc2004.
=300  \\$axx, 634 p. :$bill. ;$c28 cm.
=336  \\$atext$2rdacontent
=337  \\$aunmediated$2rdamedia
=338  \\$avolume$2rdacarrier
=504  \\$aIncludes bibliographical references and index.
=540  \\$aCurrent Copyright Fee: GBP32.00$c0$5Uk
=650  \0$aEicosanoids.
=650  \0$aEicosanoids$xPhysiological effect.
=650  \0$aEicosanoids$xTherapeutic use.
=700  1\$aCurtis-Prior, P. B.
=852  11$aBritish Library$bSTI$k(B)$h572.57
=852  41$aBritish Library$bDSC
=957  \\$tM/38009-24
=CAT  \\$a7332$b40$c20040511$lTMP01$h1313
=CAT  \\$aEXLIBRIS$c20040606$lBLL01$h1133
=CAT  \\$a8201$b40$c20140819$lBLL01$h1632
=CAT  \\$aBATCH-CLAB$c20220330$lBLL01$h1755
=CAT  \\$aIPL-CLA$c20220331$lBLL01$h2226
=CFI  0\$aCurrent Copyright Fee: GBP32.00$c0$e01-apr-2022$fGBP32.00$g0$hC$5Uk
=FIN  \\$aY
=FMT  \\$a  BK
=LAS  \\$aIPL-CLA$b00$c20220331$lBLL01$h2226

