=LDR  01490 am a2200481 a 4500
=001  012917340
=003  Uk
=005  20040524111924.0
=008  040514s2004\\\\enka\\\\\b\\\\000\0\eng\\
=015  \\$aGBA441086$2bnb
=016  7\$a012917340$2Uk
=020  \\$a1858029376 (pbk.) :$cNo price
=040  \\$aUk$beng$cUk
=042  \\$aukblsr
=082  04$a621.381531$222
=100  1\$aBirkenshaw, John.
=245  10$aPrinted electronics /$cJohn Birkenshaw.
=260  \\$aLeatherhead :$bPira International,$cc2004.
=300  \\$av, 80 p. :$bill. ;$c30 cm.
=336  \\$atext$2rdacontent
=337  \\$aunmediated$2rdamedia
=338  \\$avolume$2rdacarrier
=490  1\$aPira on printing
=504  \\$aIncludes bibliographical references.
=650  \0$aPrinted circuits.
=650  \0$aPrinting.
=710  2\$aPira International.
=830  \0$aPira on printing
=852  11$aBritish Library$bSTI$k(B)$h621.381531
=852  41$aBritish Library$bHMNTS
=957  \\$tM/38388-25
=CAT  \\$a9671$b40$c20040514$lTMP01$h1056
=CAT  \\$a9671$b40$c20040514$lTMP01$h1314
=CAT  \\$a9671$b40$c20040514$lTMP01$h1330
=CAT  \\$a9671$b40$c20040517$lTMP01$h0923
=CAT  \\$a9671$b40$c20040518$lTMP01$h1308
=CAT  \\$a9671$b40$c20040524$lTMP01$h1119
=CAT  \\$aEXLIBRIS$c20040606$lBLL01$h1134
=CAT  \\$aBATCH$b00$c20091217$lBLL01$h0319
=CAT  \\$aWR16_021$c20160610$lBLL01$h1943
=FIN  \\$aY
=FMT  \\$a  BK
=LAS  \\$aWR16_021$b00$c20160610$lBLL01$h1943

