=LDR  01774 am a2200433 a 4500
=001  012918669
=003  Uk
=005  20040617155450.0
=008  020605s2004\\\\enka\\\\\b\\\\100\0\eng\\
=015  \\$aGBA441185$2bnb
=016  7\$a012918669$2Uk
=040  \\$aUk$beng$cUk
=042  \\$aukblsr
=082  04$a551.634$222
=111  2\$aECMWF/CLIVAR Workshop on Simulation and Prediction of Intra-Seasonal Variability with Emphasis on the MJO$d(2003 :$cReading, England)
=245  10$aSimulation and prediction of intra-seasonal variability with emphasis on the MJO :$bproceedings of a ECMWF/CLIVAR Workshop on Simulation and Prediction of Intra-Seasonal Variability with Emphasis on the MJO: 3-6 November, 2003 /
=260  \\$aReading :$bEuropean Centre for Medium Range Weather Forecasts$cc2004.
=300  \\$axx, 269 p. :$bill. (some col.) ;$c30 cm.
=336  \\$atext$2rdacontent
=337  \\$aunmediated$2rdamedia
=338  \\$avolume$2rdacarrier
=490  0\$aWorkshop proceedings / ECMWF
=504  \\$aIncludes bibliographical references.
=650  \0$aMeteorology$xData processing$vCongresses.
=710  2\$aEuropean Centre for Medium Range Weather Forecasts.
=710  2\$aClimate Variability and Predictability Programme.
=830  \0$aWorkshop proceedings (ECMWF)
=852  41$aBritish Library$bHMNTS
=852  11$aBritish Library$bSTI$k(B)$h551.634
=957  \\$a040421c$tM/38292-02
=CAT  \\$a5512$b40$c20040518$lTMP01$h1100
=CAT  \\$aEXLIBRIS$c20040606$lBLL01$h1134
=CAT  \\$a7196$b40$c20040616$lBLL01$h0920
=CAT  \\$a7196$b40$c20040617$lBLL01$h1554
=CAT  \\$aWR16_021$c20160610$lBLL01$h1943
=CAT  \\$aBATCH-UPD$b00$c20160610$lBLL01$h2036
=FIN  \\$aY
=FMT  \\$a  BK
=LAS  \\$aBATCH-UPD$b00$c20160610$lBLL01$h2036

