=LDR  01613cam a2200469 a 4500
=001  012918848
=003  Uk
=005  20220331222611.0
=008  040518s2004\\\\enka\\\\\b\\\\001\0\eng\\
=015  \\$aGBA440690$2bnb
=016  7\$a012918848$2Uk
=020  \\$a047087113X :$cNo price
=040  \\$aUk$beng$cUk
=042  \\$aukblsr
=082  04$a004.62$222
=245  04$aThe IMS :$bIP multimedia concepts and services in the mobile domain /$cMiikka Poikselkä ... [et al.].
=260  \\$aChichester :$bJohn Wiley & Sons,$cc2004.
=300  \\$axxviii, 419 p. :$bill. ;$c25 cm.
=336  \\$atext$2rdacontent
=337  \\$aunmediated$2rdamedia
=338  \\$avolume$2rdacarrier
=504  \\$aIncludes bibliographical references and index.
=540  \\$aCurrent Copyright Fee: GBP32.00$c0$5Uk
=650  \0$aComputer network protocols.
=650  \0$aInternet telephony.
=650  \0$aMultimedia systems.
=700  1\$aPoikselkä, Miikka.
=852  \\$aBritish Library$bDSC
=852  11$aBritish Library$bSTI$k(B)$h004.62
=957  \\$a040429c$tM/38340-05
=CAT  \\$a5512$b40$c20040518$lTMP01$h1208
=CAT  \\$aEXLIBRIS$c20040606$lBLL01$h1134
=CAT  \\$a7196$b40$c20040618$lBLL01$h0929
=CAT  \\$a10743$b40$c20040827$lBLL01$h1016
=CAT  \\$aWR16_021$c20160610$lBLL01$h1943
=CAT  \\$aBATCH-UPD$b00$c20160610$lBLL01$h2036
=CAT  \\$aBATCH-CLAB$c20220330$lBLL01$h1550
=CAT  \\$aIPL-CLA$c20220331$lBLL01$h2226
=CFI  0\$aCurrent Copyright Fee: GBP32.00$c0$e01-apr-2022$fGBP32.00$g0$hC$5Uk
=FIN  \\$aY
=FMT  \\$a  BK
=LAS  \\$aIPL-CLA$b00$c20220331$lBLL01$h2226

