=LDR  01401 am a2200397 a 4500
=001  012919023
=003  Uk
=005  20040615151320.0
=008  030303s2004\\\\enka\\\\\\\\\\100\0\eng\\
=015  \\$aGBA441213$2bnb
=016  7\$a012919023$2Uk
=020  \\$a0954222148 (pbk.) :$cNo price
=040  \\$aUk$beng$cUk
=042  \\$aukblsr
=082  04$a617.95$222
=110  2\$aBritish Transplantation Society.$bCongress$n(7th :$d2004 :$cBirmingham, England)
=245  10$aBritish Transplantation Society 7th Annual Congress, 28-30 April, 2004, The International Convention Centre, Birmingham.
=260  \\$a[London] :$bBritish Transplantation Society,$c2004.
=300  \\$a220 p. :$bill. ;$c30 cm.
=336  \\$atext$2rdacontent
=337  \\$aunmediated$2rdamedia
=338  \\$avolume$2rdacarrier
=650  \0$aTransplantation of organs, tissues, etc.$vCongresses.
=710  2\$aBritish Transplantation Society.
=852  11$aBritish Library$bSTI$k(B)$h617.95
=852  \\$aBritish Library$bHMNTS
=957  \\$a040419c$tM/38284-09
=CAT  \\$a5512$b40$c20040518$lTMP01$h1359
=CAT  \\$a5512$b40$c20040518$lTMP01$h1401
=CAT  \\$a5512$b40$c20040524$lTMP01$h0945
=CAT  \\$aEXLIBRIS$c20040606$lBLL01$h1134
=CAT  \\$a7196$b40$c20040615$lBLL01$h1513
=CAT  \\$aWR16_021$c20160610$lBLL01$h1943
=FIN  \\$aY
=FMT  \\$a  BK
=LAS  \\$aWR16_021$b00$c20160610$lBLL01$h1943

