=LDR  01591 am a2200493 a 4500
=001  012919164
=003  Uk
=005  20040831114725.0
=008  040518s2003\\\\enk\\\\\\b\\\\000\0\eng\\
=015  \\$aGBA441236$2bnb
=016  7\$a012919164$2Uk
=020  \\$a0580421171 (pbk.) :$cNo price
=040  \\$aUk$beng$cUk
=042  \\$aukblsr
=082  04$a658.472$222
=100  1\$aMurray, Richard Peter.
=245  10$aIMS :$binformation security /$cRichard Peter Murray.
=260  \\$aLondon :$bBSi,$c2003.
=300  \\$axiii, 105 p. ;$c24 cm.
=336  \\$atext$2rdacontent
=337  \\$aunmediated$2rdamedia
=338  \\$avolume$2rdacarrier
=490  0\$aIntegrated management systems series
=504  \\$aIncludes bibliographical references.
=650  \0$aManagement science.
=650  \0$aSecurity systems.
=650  \0$aBusiness intelligence.
=650  \0$aInformation resources management.
=690  7\$aManagement and Business Studies$2blcoll
=710  2\$aBritish Standards Institution.
=852  41$aBritish Library$bHMNTS
=852  11$aBritish Library$bSTI$k(B)$h658.472
=957  \\$tM/38408-35
=CAT  \\$a11014$b40$c20040518$lTMP01$h1553
=CAT  \\$a11014$b40$c20040518$lTMP01$h1608
=CAT  \\$aEXLIBRIS$c20040606$lBLL01$h1134
=CAT  \\$a9572$b40$c20040831$lBLL01$h1147
=CAT  \\$aUE-01$b00$c20040901$lBLL01$h0728
=CAT  \\$aBATCH$b00$c20090611$lBLL01$h1709
=CAT  \\$aWR16_021$c20160610$lBLL01$h1943
=CAT  \\$aBATCH-UPD$b00$c20160610$lBLL01$h2036
=FIN  \\$aY
=FMT  \\$a  BK
=LAS  \\$aBATCH-UPD$b00$c20160610$lBLL01$h2036

