=LDR  01378 am a2200421 a 4500
=001  012919967
=003  Uk
=005  20040712133644.0
=008  040514s2004\\\\enk\\\\\\b\\\\001\0\eng\\
=015  \\$aGBA441264$2bnb
=016  7\$a012919967$2Uk
=020  \\$a1859574742 (pbk.) :$cNo price
=040  \\$aUk$beng$cUk
=042  \\$aukblsr
=082  04$a016.62853$222
=245  04$aThe volatile organic compound (VOC) emissions collection :$bJanuary 1995 - April 2004.
=260  \\$aShrewsbury :$bRapra Technology,$c2004
=300  \\$a114 p. ;$c30 cm.
=336  \\$atext$2rdacontent
=337  \\$aunmediated$2rdamedia
=338  \\$avolume$2rdacarrier
=490  1\$aRapra published searches
=500  \\$aIncludes index.
=650  \0$aVolatile organic compounds$xEnvironmental aspects$vBibliography.
=710  2\$aRapra Technology Limited.
=830  \0$aRapra published searches
=852  71$aBritish Library$bSTI$k(A)$hMF 05$m-E(25)$2blsrissc
=852  41$aBritish Library$bHMNTS
=957  \\$tM/38422-17
=CAT  \\$a8980$b40$c20040519$lTMP01$h1057
=CAT  \\$a8980$b40$c20040519$lTMP01$h1146
=CAT  \\$aEXLIBRIS$c20040606$lBLL01$h1134
=CAT  \\$a6923$b40$c20040712$lBLL01$h1336
=CAT  \\$aBATCH$b00$c20091217$lBLL01$h0319
=CAT  \\$aWR16_021$c20160610$lBLL01$h1943
=FIN  \\$aY
=FMT  \\$a  BK
=LAS  \\$aWR16_021$b00$c20160610$lBLL01$h1943

