=LDR  01629 am a2200493 a 4500
=001  012920015
=003  Uk
=005  20130318135854.0
=008  040519s2004\\\\enka\\\\\\\\\\000\0\eng\\
=015  \\$aGBA441259$2bnb
=016  7\$a012920015$2Uk
=020  \\$a1904650090 (pbk.) :$c£795.00
=040  \\$aUk$beng$cUk$dUk
=042  \\$aukblsr
=082  04$a338.476213821$222
=245  00$aCommunications convergence :$bevolving to a next generation IP-based network.
=260  \\$aHull :$bButler Group,$c2004.
=300  \\$a245 p. :$bill. ;$c30 cm.
=336  \\$atext$2rdacontent
=337  \\$aunmediated$2rdamedia
=338  \\$avolume$2rdacarrier
=500  \\$aTitle from cover.
=650  \0$aInternet telephony$xForecasting.
=650  \0$aTelecommunication systems$xForecasting.
=650  \0$aIntegrated digital services networks$xForecasting.
=650  \0$aMarket surveys.
=690  7\$aManagement and Business Studies$2blcoll
=710  2\$aButler Group (Firm)
=852  71$aBritish Library$bSTI$cRES$k(XB)$hPN 78$2blsrissc
=852  41$aBritish Library$bHMNTS
=957  \\$tM/38451-04
=985  \\$aRecord merged by DQ team
=CAT  \\$a11315$b40$c20040519$lTMP01$h1124
=CAT  \\$a11315$b40$c20040520$lTMP01$h0901
=CAT  \\$aEXLIBRIS$c20040606$lBLL01$h1134
=CAT  \\$a8456$b40$c20051101$lBLL01$h1120
=CAT  \\$aBATCH$b00$c20090611$lBLL01$h1709
=CAT  \\$a11249$b40$c20130318$lBLL01$h1358
=CAT  \\$aWR16_021$c20160610$lBLL01$h1943
=FIN  \\$aY
=FMT  \\$a  BK
=LAS  \\$aWR16_021$b00$c20160610$lBLL01$h1943
=LDO  \\$bpbk$c15/4/04
=SRC  \\$aLDS01$bbiblm.200404.2.aa

