=LDR  01580 am a2200433 a 4500
=001  012921323
=003  Uk
=005  20040803145935.0
=008  040520s2003\\\\it\a\\\\\i\\\\001\0\eng\\
=015  \\$aGBA441364$2bnb
=016  7\$a012921323$2Uk
=020  \\$a9251050058 (pbk.) :$cNo price
=040  \\$aUk$beng$cUk
=042  \\$aukblsr
=082  04$a363.1926$222
=110  2\$aJoint FAO/WHO Codex Alimentarius Commission.
=245  10$aProcedural manual /$cJoint FAO/WHO Food Standards Programme, Codex Alimentarius Commission.
=250  \\$a13th ed.
=260  \\$aRome ;$a[Great Britain] :$bFood and Agriculture Organization of the United Nations :$bWorld Health Organization,$c2004.
=300  \\$aiv, 186 p. ;$c21 cm.
=336  \\$atext$2rdacontent
=337  \\$aunmediated$2rdamedia
=338  \\$avolume$2rdacarrier
=490  1\$aProcedural manual - Codex Alimentarius Commission$x1020-8070$v13th ed.
=500  \\$aIncludes index.
=610  20$aJoint FAO/WHO Codex Alimentarius Commission.
=650  \0$aFood$xStandards$vHandbooks, manuals, etc.
=830  \0$aProcedural manual - Codex Alimentarius Commission$x1020-8070$v13th ed.
=852  \\$aBritish Library$bDSC
=852  11$aBritish Library$bSTI$k(B)$h363.1926
=957  \\$tM/9251050058
=CAT  \\$a7332$b40$c20040520$lTMP01$h1855
=CAT  \\$aEXLIBRIS$c20040606$lBLL01$h1134
=CAT  \\$a10812$b40$c20040803$lBLL01$h1459
=CAT  \\$aBATCH$b00$c20091217$lBLL01$h0319
=CAT  \\$aWR16_021$c20160610$lBLL01$h1943
=FIN  \\$aY
=FMT  \\$a  BK
=LAS  \\$aWR16_021$b00$c20160610$lBLL01$h1943

