=LDR  01614 am a22005054a 4500
=001  012921377
=003  Uk
=005  20040910101357.0
=006  m\\\\\\\\b\\\\\\\\
=007  ta
=007  co\|g|||||||||
=008  040407s2004\\\\ohua\\\\\\\\\\001\0\eng\\
=010  \\$a2004266139
=015  \\$aGBA441371$2bnb
=016  7\$a012921377$2Uk
=020  \\$a0130161942 (pbk.) :$cNo price
=040  \\$aDLC$cDLC$dUk
=042  \\$aukblsr
=082  04$a006$222
=100  1\$aSokoloff, Leonard.
=245  10$aApplications in LabVIEW /$cLeonard Sokoloff.
=260  \\$aUpper Saddle River, N.J. ;$a[Great Britain] :$bPearson/Prentice Hall,$cc2004.
=300  \\$axx, 502 p. ;$c28 cm. +$e1 CD-ROM (4 3/4 in.)
=336  \\$atext$2rdacontent
=337  \\$aunmediated$2rdamedia
=338  \\$avolume$2rdacarrier
=500  \\$aIncludes index.
=630  00$aLabVIEW.
=650  \0$aScientific apparatus and instruments$xComputer simulation.
=852  41$aBritish Library$bHMNTS
=852  11$aBritish Library$bSTI$k(B)$h006$3Accompanying CD-ROM at (TB) 006
=852  11$aBritish Library$bSTI$k(TB)$h006
=957  \\$tM/38546-22
=CAT  \\$a11317$b40$c20040521$lTMP01$h0853
=CAT  \\$a11317$b40$c20040524$lTMP01$h0939
=CAT  \\$a11317$b40$c20040524$lTMP01$h0940
=CAT  \\$aEXLIBRIS$c20040606$lBLL01$h1134
=CAT  \\$a9219$b40$c20040909$lBLL01$h1301
=CAT  \\$a2866$b40$c20040910$lBLL01$h1013
=CAT  \\$aBATCH-RDA$c20160127$lBLL01$h1358
=CAT  \\$aWR16_021$c20160610$lBLL01$h1943
=FIN  \\$aY
=FMT  \\$a  BK
=LAS  \\$aWR16_021$b00$c20160610$lBLL01$h1943
=SID  \\$aZ39$bLOC

