=LDR  01917cam a2200565 a 4500
=001  012929468
=003  Uk
=005  20050615153832.0
=008  041013s2004\\\\ne\a\\\\\b\\\\001\0\eng\d
=010  \\$a2004558125
=015  \\$aGBA442067$2bnb
=016  7\$a012929468$2Uk
=020  \\$a012715051X :$cNo price
=035  \\$a(CStRLIN)NYCXV5145012-B
=035  \\$a(NIC)5145012
=040  \\$aStDuBDS$dUk
=042  \\$aukblsr
=050  00$aTK5105.5$b.V385 2004
=082  00$a004.6068$222
=100  1\$aVasseur, Jean-Philippe.
=245  10$aNetwork recovery :$bprotection and restoration of optical, SONET-SDH, IP, and MPLS /$cJean-Philippe Vasseur, Mario Pickavet, Piet Demeester.
=260  \\$aAmsterdam ;$aLondon :$bElsevier/Morgan Kaufmann,$cc2004.
=300  \\$axx, 521 p. :$bill. ;$c25 cm.
=336  \\$atext$2rdacontent
=337  \\$aunmediated$2rdamedia
=338  \\$avolume$2rdacarrier
=490  1\$aMorgan Kaufmann series in networking.
=500  \\$aFormerly CIP.$5Uk
=504  \\$aIncludes bibliographical references (p. 479-489) and index.
=650  \0$aComputer networks$xManagement.
=650  \0$aTelecommunication$xTraffic.
=650  \0$aMPLS standard.
=650  \0$aSONET (Data transmission)
=650  \0$aTCP/IP (Computer network protocol)
=700  1\$aPickavet, Mario.
=700  1\$aDemeester, Piet.
=830  \0$aMorgan Kaufmann series in networking.
=852  11$aBritish Library$bSTI$k(B)$h004.6068
=852  \\$aBritish Library$bHMNTS
=CAT  \\$aBATCH$b00$c20040608$lBLL01$h1734
=CAT  \\$c20040608$lBLL01$h1735
=CAT  \\$c20040608$lBLL01$h1744
=CAT  \\$a10883$b40$c20050615$lBLL01$h1538
=CAT  \\$aBATCH$b00$c20091217$lBLL01$h0319
=CAT  \\$aWR16_021$c20160610$lBLL01$h1944
=CAT  \\$aW2308-1659$c20230923$lBLL01$h0903
=FIN  \\$aY$d20050615
=FMT  \\$a  BK
=LAS  \\$aW2308-1659$b00$c20230923$lBLL01$h0903
=SID  \\$aZ39$bLOC

