=LDR  01430cam a2200433   4500
=001  012929623
=003  Uk
=005  20050510141807.0
=008  040602s2004\\\\enk\\\\f\\\\\\001\0\eng\\
=015  \\$aGBA442222$2bnb
=016  7\$a012929623$2Uk
=020  \\$a0313322619 (cased) :$cNo price
=020  \\$a1591581834 (pbk.) :$cNo price
=040  \\$aStDuBDS$dUk
=042  \\$aUkblsr
=082  04$a025.1978$222
=100  1\$aMorris, Betty J.
=245  10$aAdministering the school library media center /$cBetty J. Morris.
=250  \\$a4th ed. rev. and expanded.
=260  \\$aWestport, Conn. ;$aLondon :$bPraeger,$c2004.
=300  \\$axvii, 683 p. ;$c24 cm.
=336  \\$atext$2rdacontent
=337  \\$aunmediated$2rdamedia
=338  \\$avolume$2rdacarrier
=500  \\$aPrevious ed.: New Providence, N.J.: Bowker, 1992.
=500  \\$aIncludes index.
=650  \0$aSchool libraries$xAdministration.
=650  \0$aInstructional materials centers$xAdministration.
=852  41$aBritish Library$bHMNTS
=852  11$aBritish Library$bHMNTS$cSPHOA$kHUR$h025.1978
=CAT  \\$aBATCH$b00$c20040608$lBLL01$h1734
=CAT  \\$c20040608$lBLL01$h1735
=CAT  \\$c20040608$lBLL01$h1744
=CAT  \\$a10896$b40$c20050510$lBLL01$h1418
=CAT  \\$aWR16_021$c20160610$lBLL01$h1944
=CAT  \\$aW2308-1659$c20230923$lBLL01$h0903
=FIN  \\$aY$d20050510
=FMT  \\$a  BK
=LAS  \\$aW2308-1659$b00$c20230923$lBLL01$h0903

