=LDR  01583cam a2200505 a 4500
=001  012929847
=003  Uk
=005  20061214213425.0
=008  040730s2005\\\\at\a\\\f\b\\\\001\0\eng\d
=010  \\$a  2004111173
=015  \\$aGBA442446$2bnb
=016  7\$a012929847$2Uk
=020  \\$a0534492940 (hbk.) :$c£34.99
=040  \\$aStDuBDS$beng$cStDuBDS$dUk
=042  \\$aukblsr
=050  00$aTA775$b.D2264 2005
=082  04$a624.15$222
=100  1\$aDas, Braja M.,$d1941-
=245  10$aFundamentals of geotechnical engineering /$cBraja M. Das.
=250  \\$a2nd ed.
=260  \\$aSouthbank, Vic. :$bThomson,$c2005.
=300  \\$axvi, 566 p. :$bill. ;$c25 cm.
=336  \\$atext$2rdacontent
=337  \\$aunmediated$2rdamedia
=338  \\$avolume$2rdacarrier
=500  \\$aFormerly CIP.$5Uk
=504  \\$aIncludes bibliographical references and index.
=650  \0$aFoundations.
=650  \0$aEngineering geology.
=650  \0$aSoil mechanics.
=852  11$aBritish Library$bSTI$k(B)$h624.15
=852  \\$aBritish Library$bHMNTS
=BUF  \\$aN$d20061207
=CAT  \\$aBATCH$b00$c20040608$lBLL01$h1734
=CAT  \\$c20040608$lBLL01$h1735
=CAT  \\$c20040608$lBLL01$h1744
=CAT  \\$a6923$b40$c20061207$lBLL01$h1052
=CAT  \\$a10746$b40$c20061207$lBLL01$h1352
=CAT  \\$a10962$b40$c20061212$lBLL01$h0850
=CAT  \\$aBATCH-BUOC$b00$c20061214$lBLL01$h2134
=CAT  \\$aWR16_021$c20160610$lBLL01$h1944
=CAT  \\$aW2308-1659$c20230923$lBLL01$h0903
=FIN  \\$aY$d20061207
=FMT  \\$a  BK
=LAS  \\$aW2308-1659$b00$c20230923$lBLL01$h0903

