=LDR  01809cam a2200481 a 4500
=001  012930014
=003  Uk
=005  20070327164402.0
=008  040601s2004\\\\enka\\\\\b\\\\100\0\eng\\
=015  \\$aGBA442613$2bnb
=016  7\$a012930014$2Uk
=020  \\$a0863413846 (pbk.) :$c£95.00
=040  \\$aStDuBDS$beng$cStDuBDS$dUk
=042  \\$aukblsr
=082  04$a529.7$222
=111  2\$aEuropean Frequency and Time Forum$n(18th :$d2004 :$cUniversity of Surrey, Guildford, United Kingdom)
=245  10$a18th European Frequency and Time Forum (EFTF 2004) :$b5-7 April 2004, organised by the IEE Satellite Systems and Applications Professional Network.
=260  \\$aLondon :$bInstitution of Electrical Engineers,$c2004.
=300  \\$axxxvii, 633 p. :$bill. ;$c30 cm.
=336  \\$atext$2rdacontent
=337  \\$aunmediated$2rdamedia
=338  \\$avolume$2rdacarrier
=500  \\$aFormerly CIP.$5Uk
=504  \\$aIncludes bibliographical references.
=650  \0$aTime$vCongresses.
=650  \0$aTime$xSystems and standards$vCongresses.
=650  \0$aFrequency standards$vCongresses.
=710  2\$aIEE Satellite Systems & Applications Professional Network.
=710  2\$aInstitution of Electrical Engineers.
=852  11$aBritish Library$bSTI$k(B)$h529.7
=852  \\$aBritish Library$bHMNTS
=CAT  \\$aBATCH$b00$c20040608$lBLL01$h1734
=CAT  \\$c20040608$lBLL01$h1735
=CAT  \\$c20040608$lBLL01$h1744
=CAT  \\$a12493$b40$c20070320$lBLL01$h1211
=CAT  \\$a6916$b40$c20070327$lBLL01$h1639
=CAT  \\$a6916$b40$c20070327$lBLL01$h1641
=CAT  \\$a6916$b40$c20070327$lBLL01$h1644
=CAT  \\$aWR16_021$c20160610$lBLL01$h1944
=CAT  \\$aW2308-1659$c20230923$lBLL01$h0903
=FIN  \\$aY$d20070327
=FMT  \\$a  BK
=LAS  \\$aW2308-1659$b00$c20230923$lBLL01$h0903

