=LDR  02448cam a2200709 a 4500
=001  012930200
=003  Uk
=005  20120228084428.0
=008  030124m20029999enka\\\\\b\\\\001\0\eng\d
=010  \\$a  2003268082
=015  \\$aGBA442799$2bnb
=016  7\$a012930200$2Uk
=019  y\$abA2W3003
=019  9\$a0632057238
=019  0\$as686795008
=020  \\$a0632057238 (v.1) :$c£125.00
=020  \\$a0632057246 (v.2) :$c£120.00
=020  \\$a9780632057252 (v. 3)
=020  \\$a0632057254 (v.3)
=035  \\$a(OCoLC)ocm51301703
=040  \\$aStDuBDS$dUk
=042  \\$aukblsr
=050  00$aSB129$b.C76 2002
=082  00$a631.56$222
=084  \\$aDU 99$2blsrissc
=245  00$aCrop post-harvest :$bscience and technology.
=260  \\$aOxford ;$bBlackwell Science,$c2002-
=300  \\$av. :$bill. ;$c26 cm.
=336  \\$atext$2rdacontent
=337  \\$aunmediated$2rdamedia
=338  \\$avolume$2rdacarrier
=500  \\$aFormerly CIP.$5Uk
=504  \\$aIncludes bibliographical references and index.
=505  1\$av. 1. Principles and practice / edited by Peter Golob, Graham Farrell, and John E. Orchard -- v. 2. Durables : case studies in the handling and storage of durable commodities / edited by Rick Hodges and Graham Farrell -- v. 3. Perishables / edited by Debbie Rees, Graham Farrell and John Orchard.
=650  \0$aCrops$xPostharvest technology.
=852  11$aBritish Library$bSTI$k(B)$h631.56
=852  71$aBritish Library$bSTI$k(B)$hDU 99$2blsrissc
=852  \\$aBritish Library$bHMNTS
=852  11$aBritish Library$bSTI$k(B)$hDU 99
=957  \\$r4/6/03$tM/34969-03
=957  \\$a030630c
=CAT  \\$aBATCH$b00$c20040608$lBLL01$h1734
=CAT  \\$c20040608$lBLL01$h1735
=CAT  \\$c20040608$lBLL01$h1744
=CAT  \\$a11009$b40$c20041109$lBLL01$h1112
=CAT  \\$a11009$b40$c20041109$lBLL01$h1335
=CAT  \\$a11009$b40$c20041117$lBLL01$h1034
=CAT  \\$aBATCH$b00$c20091211$lBLL01$h0058
=CAT  \\$a6524$b40$c20120228$lBLL01$h0844
=CAT  \\$aWR16_021$c20160610$lBLL01$h1944
=CAT  \\$aW2308-1659$c20230923$lBLL01$h0903
=FIN  \\$aY
=FMT  \\$a  BK
=LAS  \\$aW2308-1659$b00$c20230923$lBLL01$h0903
=LDO  \\$aCIP$bhbk
=LDO  \\$aBLEF
=LEO  \\$aMP5.0000183371
=LEO  \\$aMP25.0000364453
=SRC  \\$aBNB03$bbibmp5.200404.2.aa
=SRC  \\$aSRI01$bbibmp25.200404.2.aa
=SRC  \\$aLDS01$bbiblm.200404.2.aa
=SRC  \\$aBLL02$bpart.2.aj

