=LDR  01574 am a2200469 a 4500
=001  012933564
=003  Uk
=005  20041213114048.0
=008  040520s2004\\\\enk\\\\\\\\\\\000\0\eng\c
=015  \\$aGBA444377$2bnb
=016  7\$a012933564$2Uk
=035  \\$a(UkOxU)UkOxUb15688852
=040  \\$aUkOxU
=042  \\$aukscp
=082  04$a339.470830941$222
=245  00$aMarketing to children aged 7-10.
=260  \\$aLondon :$bMintel International Group,$c2004.
=300  \\$avi, 122 p. :$bill. ;$c30 cm.
=336  \\$atext$2rdacontent
=337  \\$aunmediated$2rdamedia
=338  \\$avolume$2rdacarrier
=490  0\$aMintel special report
=650  \0$aChild consumers$zGreat Britain.
=650  \0$aAdvertising and children$zGreat Britain.
=650  \0$aTarget marketing$zGreat Britain.
=650  \0$aMarket surveys$zGreat Britain.
=690  7\$aManagement and Business Studies$2blcoll
=710  2\$aMintel International Group Ltd.
=852  41$aBritish Library$bSTI
=852  71$aBritish Library$bSTI$cRES$k(XB)$hAL 90$2blsrissc
=957  \\$tM/38497-08
=985  \\$aPotential duplicate: contributed via LDLSCP without ISBN -so could not match on load
=CAT  \\$aBATCH$b00$c20040615$lBLL01$h1537
=CAT  \\$c20040615$lBLL01$h1537
=CAT  \\$a9657$b40$c20041208$lBLL01$h1659
=CAT  \\$a6916$b40$c20041213$lBLL01$h1059
=CAT  \\$a9657$b40$c20041213$lBLL01$h1140
=CAT  \\$aBATCH$b00$c20090611$lBLL01$h1710
=CAT  \\$aWR16_021$c20160610$lBLL01$h1945
=FIN  \\$aY
=FMT  \\$a  BK
=LAS  \\$aWR16_021$b00$c20160610$lBLL01$h1945

