=LDR  01203 am a22003731a 4500
=001  012934105
=003  Uk
=005  20040816155900.0
=008  040616s2004\\\\enk\\\\\\\\\\\000\0\eng\\
=015  \\$aGBA458930$2bnb
=016  7\$a012934105$2Uk
=040  \\$aUk$beng$cUk
=042  \\$aukblsr
=082  04$a338.476870810941$222
=245  00$aMenswear retailers 2004 :$bcasualwear dampening future menswear growth-
=246  17$aVerdict on menswear retailers 2004
=260  \\$aLondon :$bVerdict Research,$c2004.
=300  \\$a169 p. ;$c30 cm.
=336  \\$atext$2rdacontent
=337  \\$aunmediated$2rdamedia
=338  \\$avolume$2rdacarrier
=650  \0$aMen's clothing industry$zGreat Britain.
=650  \0$aMarket surveys$zGreat Britain.
=690  7\$aManagement and Business Studies$2blcoll
=710  2\$aVerdict Research.
=852  71$aBritish Library$bSTI$cRES$k(XB)$hAL 934$2blsrissc
=852  11$aBritish Library$bSTI
=CAT  \\$a5703$b40$c20040616$lBLL01$h1328
=CAT  \\$a11187$b40$c20040816$lBLL01$h1559
=CAT  \\$aBATCH$b00$c20090611$lBLL01$h1710
=CAT  \\$aWR16_021$c20160610$lBLL01$h1945
=FIN  \\$aY
=FMT  \\$a  BK
=LAS  \\$aWR16_021$b00$c20160610$lBLL01$h1945

