=LDR  01422cam a2200433 a 4500
=001  012936696
=003  Uk
=005  20061023155330.0
=008  040603s2006\\\\xxua\\\f\b\\\\001\0\eng\\
=015  \\$aGBA444793$2bnb
=016  7\$a012936696$2Uk
=020  \\$a9780124060616 (hbk.) :$c£86.00
=020  \\$a0124060617 (hbk.) :$c£86.00
=040  \\$aStDuBDS$beng$cStDuBDS$dUk
=042  \\$aukblsr
=082  04$a616.12003$222
=100  1\$aKhan, M. I. Gabriel.
=245  10$aEncyclopedia of heart diseases /$cM. Gabriel Khan.
=260  \\$aBurlington, MA :$bElsevier Academic,$cc2006.
=300  \\$axviii, 653 p. :$bill. ;$c29 cm.
=336  \\$atext$2rdacontent
=337  \\$aunmediated$2rdamedia
=338  \\$avolume$2rdacarrier
=500  \\$aFormerly CIP.$5Uk
=504  \\$aIncludes bibliographical references and index.
=650  \0$aHeart$xDiseases$vEncyclopedias.
=852  11$aBritish Library$bSTI$k(B)$h616.12003
=852  \\$aBritish Library$bHMNTS
=CAT  \\$aBATCH$b00$c20040622$lBLL01$h1557
=CAT  \\$c20040622$lBLL01$h1558
=CAT  \\$c20040622$lBLL01$h1608
=CAT  \\$a12323$b40$c20051222$lBLL01$h0950
=CAT  \\$a12323$b40$c20051222$lBLL01$h0951
=CAT  \\$a11014$b40$c20061023$lBLL01$h1553
=CAT  \\$aWR16_021$c20160610$lBLL01$h1945
=CAT  \\$aW2308-1659$c20230923$lBLL01$h0903
=FIN  \\$aY$d20061023
=FMT  \\$a  BK
=LAS  \\$aW2308-1659$b00$c20230923$lBLL01$h0903

