=LDR  01515cam a2200445 a 4500
=001  012943200
=003  Uk
=005  20050725093657.0
=008  040419s2005\\\\njuabc\\\b\\\\001\0\eng\\
=015  \\$aGBA448082$2bnb
=016  7\$a012943200$2Uk
=020  \\$a0691090556 :$c£32.95
=040  \\$aStDuBDS$dUk
=042  \\$aukblsr
=082  04$a595.7890974$222
=100  1\$aCech, Rick,$d1949-
=245  10$aButterflies of the East coast :$ban observer's guide /$cRick Cech and Guy Tudor.
=260  \\$aPrinceton, N.J. ;$aOxford :$bPrinceton University Press,$c2005.
=300  \\$axii, 345 p. :$bcol. ill, maps, col. ports, ;$c29 cm.
=336  \\$atext$2rdacontent
=337  \\$aunmediated$2rdamedia
=338  \\$avolume$2rdacarrier
=500  \\$aFormerly CIP.$5Uk
=504  \\$aIncludes bibliographical references and index.
=650  \0$aButterflies$zAtlantic States.
=650  \0$aButterflies$zAtlantic States$vIdentification.
=700  1\$aTudor, Guy,$d1934-
=852  11$aBritish Library$bSTI$k(B)$h595.789
=852  \\$aBritish Library$bHMNTS
=CAT  \\$aBATCH$b00$c20040629$lBLL01$h1155
=CAT  \\$c20040629$lBLL01$h1156
=CAT  \\$c20040629$lBLL01$h1210
=CAT  \\$a12324$b40$c20050718$lBLL01$h0925
=CAT  \\$a12324$b40$c20050718$lBLL01$h0929
=CAT  \\$a6916$b40$c20050725$lBLL01$h0936
=CAT  \\$aWR16_021$c20160610$lBLL01$h1946
=CAT  \\$aW2308-1659$c20230923$lBLL01$h0904
=FIN  \\$aY$d20050725
=FMT  \\$a  BK
=LAS  \\$aW2308-1659$b00$c20230923$lBLL01$h0904

