=LDR  01300 ai a2200409 a 4500
=001  012949641
=003  Uk
=005  20141204120725.0
=007  td
=008  040713c20049999enkuu\l\\f\\\\0\\\a2eng\\
=015  \\$aGBA948668$2bnb
=016  \\$a012949641
=020  \\$a1902998162 (loose-leaf) :$cNo price
=040  \\$aUk$beng$cUk
=042  \\$aukblsr
=082  04$a697.8$222
=245  00$aCICIND Metallic materials manual.
=246  14$aMetallic materials manual
=260  \\$aHemel Hempstead :$bCICIND,$c2004-
=300  \\$av. (loose-leaf) :$bill. (some col.) ;$c31 cm.
=336  \\$atext$2rdacontent
=337  \\$aunmediated$2rdamedia
=338  \\$avolume$2rdacarrier
=650  \0$aChimneys$xMaterials$vHandbooks, manuals, etc.
=650  \0$aMetals$xProperties$vHandbooks, manuals, etc.
=710  2\$aCICIND (Organization)
=852  11$aBritish Library$bSTI$k(B)$h697.8$3Main Work (Mar. 2004)
=852  41$aBritish Library$bHMNTS
=CAT  \\$a6923$b40$c20040713$lBLL01$h1058
=CAT  \\$a8124$b40$c20090515$lBLL01$h1012
=CAT  \\$a6550$b40$c20141204$lBLL01$h1207
=CAT  \\$aWR16_021$c20160610$lBLL01$h1947
=CAT  \\$aBATCH-016$c20160905$lBLL01$h1706
=FIN  \\$aY$d20090515
=FMT  \\$a  SE
=LAS  \\$aBATCH-016$b00$c20160905$lBLL01$h1706
=TCO  \\$aCLA$bCLA$c008

