=LDR  01685cam a2200505 a 4500
=001  012950014
=003  Uk
=005  20041209170834.0
=008  041020s2004\\\\xxua\\\\\b\\\\001\0\eng\\
=010  \\$a2004303567
=015  \\$aGBA450267$2bnb
=016  7\$a012950014$2Uk
=020  \\$a0824757106 :$c£105.00
=035  \\$a(OCoLC)ocm56660010
=040  \\$aStDuBDS$dUk
=042  \\$alccopycat
=082  04$a541.223$222
=245  00$aChiral photochemistry /$cedited by Yoshihisa Inoue, V. Ramamurthy.
=260  \\$aNew York, N.Y. ;$a[Great Britain] :$bMarcel Dekker,$cc2004.
=300  \\$aix, 685 p. :$bill. ;$c24 cm.
=336  \\$atext$2rdacontent
=337  \\$aunmediated$2rdamedia
=338  \\$avolume$2rdacarrier
=490  1\$aMolecular and supramolecular photochemistry ;$v11
=504  \\$aIncludes bibliographical references and index.
=650  \0$aChirality$xIndustrial applications.
=650  \0$aChiral drugs.
=700  1\$aInoue, Yoshihisa,$d1949-
=700  1\$aRamamurthy, V.,$d1946-
=830  \0$aMolecular and supramolecular photochemistry ;$v11.
=852  \\$aBritish Library$bHMNTS
=852  11$aBritish Library$bSTI$k(B)$h541.223
=CAT  \\$aBATCH$b00$c20040713$lBLL01$h1112
=CAT  \\$c20040713$lBLL01$h1113
=CAT  \\$c20040713$lBLL01$h1121
=CAT  \\$a5375$b40$c20041208$lBLL01$h1459
=CAT  \\$a6506$b40$c20041209$lBLL01$h1708
=CAT  \\$aBATCH$b00$c20091217$lBLL01$h0322
=CAT  \\$a5100$b40$c20121018$lBLL01$h1241
=CAT  \\$aBATCH-UPD$b40$c20141107$lBLL01$h1046
=CAT  \\$aW2308-1659$c20230923$lBLL01$h0904
=FIN  \\$aY
=FMT  \\$a  BK
=LAS  \\$aW2308-1659$b00$c20230923$lBLL01$h0904
=SID  \\$aZ39$bLOC

