=LDR  01483cam a2200457 a 4500
=001  012950277
=003  Uk
=005  20050711112819.0
=008  040630s2004\\\\xxua\\\\\\\\\\001\0\eng\\
=015  \\$aGBA450530$2bnb
=016  7\$a012950277$2Uk
=020  \\$a0764569104 (pbk.) :$c£23.99
=040  \\$aStDuBDS$dUk
=042  \\$aukblsr
=082  04$a005.72$222
=100  1\$aKay, Michael R.,$d1962-
=245  10$aXPath 2.0 :$bprogrammer's reference /$cMichael Kay.
=260  \\$aNew York ;$a[Great Britain] :$bWiley,$cc2004.
=300  \\$axxii, 530 p. :$bill. ;$c24 cm.
=336  \\$atext$2rdacontent
=337  \\$aunmediated$2rdamedia
=338  \\$avolume$2rdacarrier
=490  1\$aProgrammer to programmer
=500  \\$aIncludes index.
=500  \\$aFormerly CIP.$5Uk
=650  \0$aXPath (Computer program language)$vReference books.
=830  \0$aProgrammer to programmer.
=852  11$aBritish Library$bSTI$k(B)$h005.72
=852  \\$aBritish Library$bHMNTS
=CAT  \\$aBATCH$b00$c20040713$lBLL01$h1112
=CAT  \\$c20040713$lBLL01$h1113
=CAT  \\$c20040713$lBLL01$h1121
=CAT  \\$a12328$b40$c20050705$lBLL01$h1118
=CAT  \\$a6191$b40$c20050711$lBLL01$h1128
=CAT  \\$aBATCH$b00$c20091217$lBLL01$h0322
=CAT  \\$aWR16_021$c20160610$lBLL01$h1947
=CAT  \\$aBATCH-UPD$b00$c20160610$lBLL01$h2113
=CAT  \\$aW2308-1659$c20230923$lBLL01$h0905
=FIN  \\$aY$d20050711.
=FMT  \\$a  BK
=LAS  \\$aW2308-1659$b00$c20230923$lBLL01$h0905

