=LDR  01306cam a2200409 a 4500
=001  012950919
=003  Uk
=005  20070411100823.0
=008  040706s2004\\\\enk\\\\\\b\\\\001\0\eng\\
=015  \\$aGBA451171$2bnb
=016  7\$a012950919$2Uk
=020  \\$a1904933017 (hbk.) :$c£95.00
=040  \\$aStDuBDS$beng$cStDuBDS$dUk
=042  \\$aukblsr
=082  04$a572.86$222
=245  00$aComputational genomics :$btheory and application /$cedited by Richard P. Grant.
=260  \\$aWymondham :$bHorizon Bioscience,$cc2004.
=300  \\$aix, 305 p. :$bill. ;$c25 cm.
=336  \\$atext$2rdacontent
=337  \\$aunmediated$2rdamedia
=338  \\$avolume$2rdacarrier
=500  \\$aFormerly CIP.$5Uk
=504  \\$aIncludes bibliographical references and index.
=650  \0$aGenomics.
=650  \0$aComputational biology.
=700  1\$aGrant, Richard P.
=852  11$aBritish Library$bSTI$k(B)$h572.86
=852  \\$aBritish Library$bHMNTS
=CAT  \\$aBATCH$b00$c20040713$lBLL01$h1112
=CAT  \\$c20040713$lBLL01$h1114
=CAT  \\$c20040713$lBLL01$h1122
=CAT  \\$a11014$b40$c20070411$lBLL01$h1008
=CAT  \\$aWR16_021$c20160610$lBLL01$h1948
=CAT  \\$aW2308-1659$c20230923$lBLL01$h0905
=FIN  \\$aY$d20070411
=FMT  \\$a  BK
=LAS  \\$aW2308-1659$b00$c20230923$lBLL01$h0905

