=LDR  01194 am a2200373 a 4500
=001  012956722
=003  Uk
=005  20040722115104.0
=008  040722s2004\\\\enk\\\\\\\\\\\000\0\eng\\
=015  \\$aGBA453703$2bnb
=016  7\$a012956722$2Uk
=040  \\$aUk$beng$cUk
=042  \\$aukblsr
=082  04$a659$222
=245  00$aSponsorship, special report, May 2004.
=260  \\$aLondon :$bMintel International Group,$c2004.
=300  \\$aviii, 195 p. ;$c30 cm.
=336  \\$atext$2rdacontent
=337  \\$aunmediated$2rdamedia
=338  \\$avolume$2rdacarrier
=500  \\$aFormerly CIP.$5Uk
=504  \\$aIncludes bibliographical references and index.
=650  \0$aCorporate sponsorship$zGreat Britain.
=650  \0$aMarket surveys$zGreat Britain$xStatistics.
=690  7\$aManagement and Business Studies$2blcoll
=710  2\$aMintel International Group Ltd.
=852  71$aBritish Library$bSTI$cRES$k(XB)$hAM 01$2blsrissc
=852  41$aBritish Library$bSTI
=CAT  \\$a11187$b40$c20040722$lBLL01$h1151
=CAT  \\$aBATCH$b00$c20090611$lBLL01$h1711
=CAT  \\$aWR16_021$c20160610$lBLL01$h1949
=FIN  \\$aY
=FMT  \\$a  BK
=LAS  \\$aWR16_021$b00$c20160610$lBLL01$h1949

