=LDR  01185 am a2200361 a 4500
=001  012966955
=003  Uk
=005  20050215094502.0
=008  040810s2004\\\\gw\\\\\\\\\\\\001\0\eng\\
=020  \\$a3598116624 (set : cased) :$cNo price
=020  \\$a3598116632 (v. 1 : cased) :$cNo price
=020  \\$a3598116640 (v. 2 : cased) :$cNo price
=040  \\$aUk$beng$cUk
=042  \\$aukblsr
=082  04$a011.36$222
=245  00$aGuide to microforms in print :$bsubject : incorporating international microforms in print.
=260  \\$aMunich :$bK.G Saur,$c2004.
=300  \\$a2 v. ;$c29 cm.
=336  \\$atext$2rdacontent
=337  \\$aunmediated$2rdamedia
=338  \\$avolume$2rdacarrier
=500  \\$aIncludes index.
=505  0\$av. 1. Classes 000-390 -- v. 2. Classes 400-490.
=650  \0$aMicroforms$vCatalogs.
=852  11$aBritish Library$bHMNTS$kP$h1853/6
=852  41$aBritish Library$bHMNTS
=CAT  \\$a10958$b40$c20040810$lBLL01$h1545
=CAT  \\$a10932$b40$c20050209$lBLL01$h1935
=CAT  \\$a10932$b40$c20050210$lBLL01$h1535
=CAT  \\$a8980$b40$c20050215$lBLL01$h0945
=FIN  \\$aY$d20050209
=FMT  \\$a  BK
=LAS  \\$a8980$b40$c20050215$lBLL01$h0945

