=LDR  01471cam a2200433 a 4500
=001  012968347
=003  Uk
=005  20050617142611.0
=008  040716s2004\\\\ilua\\\\\b\\\\001\0\eng\\
=015  \\$aGBA458557$2bnb
=016  7\$a012968347$2Uk
=020  \\$a0892033312 (pbk.) :$c£33.50
=040  \\$aStDuBDS$dUk
=042  \\$aukblsr
=082  04$a617.5740083$222
=245  00$aComplications in orthopaedics :$bpediatric upper extremity fractures /$cedited by Charles Price ; series editor, Jeffrey O. Anglen.
=260  \\$aRosemont, Ill. ;$a[Great Britain] :$bAmerican Academy of Orthopaedic Surgeons,$c2004.
=300  \\$aviii, 68 p. :$bill. ;$c26 cm.
=336  \\$atext$2rdacontent
=337  \\$aunmediated$2rdamedia
=338  \\$avolume$2rdacarrier
=500  \\$aFormerly CIP.$5Uk
=650  \0$aPediatric orthopedics.
=650  \0$aArm$xFractures.
=700  1\$aPrice, Charles T.
=710  2\$aAmerican Academy of Orthopaedic Surgeons.
=852  \\$aBritish Library$bDSC
=852  11$aBritish Library$bSTI$k(B)$h617.574
=CAT  \\$aBATCH$b00$c20040811$lBLL01$h0905
=CAT  \\$c20040811$lBLL01$h0906
=CAT  \\$c20040811$lBLL01$h0910
=CAT  \\$c20050602$lBLL01$h1445
=CAT  \\$c20050602$lBLL01$h1449
=CAT  \\$a11070$b40$c20050617$lBLL01$h1426
=CAT  \\$aWR16_021$c20160610$lBLL01$h1951
=CAT  \\$aW2308-1659$c20230923$lBLL01$h0907
=FIN  \\$aY$d20050617
=FMT  \\$a  BK
=LAS  \\$aW2308-1659$b00$c20230923$lBLL01$h0907

