=LDR  01996cam a2200505   4500
=001  012971076
=003  Uk
=005  20141013111751.0
=008  040812s2004\\\\enkac\\\\\\\\\100\0\eng\d
=015  \\$aGBA459077$2bnb
=016  7\$a012971076$2Uk
=020  \\$a0952171252 (pbk) :$cNo price
=035  \\$a(WlAbNL)WlAbNLb13361589
=040  \\$aWlAbNL
=042  \\$aukscp
=082  04$a616.936$222
=245  00$aWorkshop on the application of genetic fingerprinting for the monitoring of cryptosporidium in humans, animals and the environment :$bBoulder, Colorado, USA, 3rd-5th August 2003 /$corganised and sponsored by the Awaa Research Foundation, the Drinking Water Inspectorate and UK Water Industry Research Ltd ; editors: Dr S.M. Latham, Professor H.V. Smith, J.M. Wastling.
=260  \\$a[Marlow] :$bFoundation for Water Research (FWR),$c[2004?]
=300  \\$a156 p. :$bill., col. port ;$c30 cm.
=336  \\$atext$2rdacontent
=337  \\$aunmediated$2rdamedia
=338  \\$avolume$2rdacarrier
=504  \\$aIncludes bibliographical references.
=650  \0$aDNA fingerprinting$vCongresses.
=650  \0$aCryptosporidium$vCongresses.
=650  \0$aCryptosporidiosis$vCongresses.
=700  1\$aLatham, S. M.$q(Sophia M.).
=700  1\$aSmith, H. V.$q(Huw V.).
=700  1\$aWastling, J. M.$q(Jonathan M.).
=852  41$aBritish Library$bHMNTS
=852  11$aBritish Library$bSTI$k(B)$h616.936
=CAT  \\$aBATCH$b00$c20040817$lBLL01$h2037
=CAT  \\$c20040817$lBLL01$h2037
=CAT  \\$a11164$b40$c20040923$lBLL01$h1103
=CAT  \\$a11164$b40$c20040928$lBLL01$h1033
=CAT  \\$a10743$b40$c20041001$lBLL01$h1258
=CAT  \\$c20041005$lBLL01$h1602
=CAT  \\$c20041005$lBLL01$h1607
=CAT  \\$a8874$b40$c20141013$lBLL01$h1117
=CAT  \\$aWR16_021$c20160610$lBLL01$h1951
=CAT  \\$aW2308-1659$c20230923$lBLL01$h0907
=CAT  \\$aBATCH-UPD$b00$c20230924$lBLL01$h0013
=FIN  \\$aY
=FMT  \\$a  BK
=LAS  \\$aBATCH-UPD$b00$c20230924$lBLL01$h0013

