=LDR  02972aam a2200769 a 4500
=001  012994128
=003  Uk
=005  20040917123718.0
=008  040412s2004\\\\nyua\\\\\b\\\\101\0\eng\\
=010  \\$a2004047530
=015  \\$aGBA467655$2bnb
=016  7\$a012994128$2Uk
=019  y\$abA4Y1932
=019  9\$a1402020376
=020  \\$a1402020376 (hb)
=039  0\$a2420
=040  \\$aDLC$beng$cDLC$dUk
=042  \\$aukblsr
=050  00$aTA409$b.I89 2004
=082  00$a620.1126$222
=111  2\$aIUTAM Symposium on Mesoscopic Dynamics of Fracture Process and Materials Strength$d(2003 :$cOsaka, Japan)
=245  10$aIUTAM Symposium on Mesoscopic Dynamics of Fracture Process and Materials Strength :$bproceedings of the IUTAM symposium held in Osaka, Japan, 6-11 July, 2003 /$cedited by H. Kitagawa and Y. Shibutani.
=260  \\$aDordrecht ;$aLondon :$bKluwer Academic Publishers,$c2004.
=300  \\$axxxii, 442 p. :$bill. ; 25 cm.
=336  \\$atext$2rdacontent
=337  \\$aunmediated$2rdamedia
=338  \\$avolume$2rdacarrier
=490  1\$aSolid mechanics and its applications ;$vv. 115
=500  \\$a"Volume in celebration of Prof. Kitagawa's retirement."
=504  \\$aIncludes bibliographic references and index.
=591  \\$aPapers.
=650  \0$aFracture mechanics$vCongresses.
=650  \0$aStrength of materials$vCongresses.
=650  \0$aDislocations in metals$vCongresses.
=650  \0$aCrystals$xPlastic properties$vCongresses.
=650  \0$aMesoscopic phenomena (Physics)$vCongresses.
=653  1\$aMesoscopic dynamics
=653  1\$aFracture process
=700  1\$aKitagawa, Hiroshi,$d1940-
=700  1\$aShibutani, Y.$q(Yoji).
=710  2\$aInternational Union of Theoretical and Applied Mechanics.
=830  \0$aSolid mechanics and its applications ;$vv. 115.
=852  41$aBritish Library$bDSC
=852  11$aBritish Library$bSTI$k(B)$h620.1126
=945  \\$aSolid mechanics and its applications ; v. 115 2004
=CAT  \\$a8962$b40$c20040917$lBLL01$h1019
=CAT  \\$a8962$b40$c20040917$lBLL01$h1020
=CAT  \\$a8962$b40$c20040917$lBLL01$h1022
=CAT  \\$a11249$b40$c20040917$lBLL01$h1211
=CAT  \\$a11249$b40$c20040917$lBLL01$h1215
=CAT  \\$a9671$b40$c20040917$lBLL01$h1237
=CAT  \\$aBATCH$b00$c20091211$lBLL01$h0059
=CAT  \\$aBATCH$b00$c20091214$lBLL01$h0851
=CAT  \\$aBATCH$b00$c20091216$lBLL01$h0223
=CAT  \\$aBATCH$b00$c20100103$lBLL01$h1152
=CAT  \\$aBATCH-UPD$b00$c20100103$lBLL01$h1303
=CAT  \\$aWR16_021$c20160610$lBLL01$h1955
=CAT  \\$aBATCH-UPD$b00$c20190725$lBLL01$h2042
=CNF  \\$aIUTAM Symposium on Mesoscopic Dynamics of Fracture Process and Materials Strength$d(2003 Jul :$cOsaka, Japan)
=FIN  \\$aY
=FMT  \\$a  BK
=LAS  \\$aBATCH-UPD$b00$c20190725$lBLL01$h2042
=LDO  \\$aCIP
=LEO  \\$aMP5.0000342960
=SID  \\$aZ39$bLOC
=SRC  \\$aLDS01$bbiblm.200404.2.aa
=SRC  \\$aBNB03$bbibmp5.200404.2.aa

