=LDR  02204 am a22005777a 4500
=001  013000510
=003  Uk
=005  20041018085525.0
=008  031124s2004\\\\ohua\\\\\b\\\\100\0\eng\d
=010  \\$a2003115846
=020  \\$a0940600595
=035  \\$a(DLC)13415352
=035  \\$a(DLC) 2003115846
=040  \\$aMBNU$beng$cMBNU$dUk
=042  \\$aukblsr
=050  00$aQA402.5.E734 2002
=082  04$a519.6$222
=111  2\$aErich L. Lehmann Symposium$n(1st :$d2002 :$cGuanajuato, Mexico)
=245  14$aThe First Erich L. Lehmann Symposium :$boptimality /$cJavier Rojo and Victor Pérez-Abreu, editors.
=246  30$aOptimality
=260  \\$aBeachwood, Ohio :$bInstitute of Mathematical Statistics,$cc2004.
=300  \\$avii, 159 p. :$bill. ;$c26 cm.
=336  \\$atext$2rdacontent
=337  \\$aunmediated$2rdamedia
=338  \\$avolume$2rdacarrier
=490  1\$aLecture notes-monograph series ;$vv. 44
=500  \\$a"The First Erich L. Lehmann Symposium was held in Guanajuato, México during May 23-25, 2002, and was hosted by the Centro de Investigaciones Matemáticas (CIMAT)."--P. ii.
=504  \\$aIncludes bibliographical references.
=591  \\$aPapers.
=650  \0$aMathematical optimization$vCongresses.
=650  \0$aEstimation theory$vCongresses.
=650  \0$aMathematical analysis$vCongresses.
=653  1\$aOptimality
=700  1\$aRojo, Javier.
=700  1\$aPérez-Abreu, Víctor.
=710  2\$aInstitute of Mathematical Statistics.
=830  \0$aLecture notes-monograph series ;$vv. 44.
=852  11$aBritish Library$bDSC
=852  11$aBritish Library$bSTI$k(B)$h519.6
=945  \\$aLecture notes monograph series- Institute of Mathematical Statistics ; vol 44 2004
=CAT  \\$a5512$b40$c20040927$lBLL01$h1344
=CAT  \\$a8980$b40$c20041014$lBLL01$h1610
=CAT  \\$a8980$b40$c20041014$lBLL01$h1612
=CAT  \\$a11244$b40$c20041018$lBLL01$h0855
=CAT  \\$aBATCH$b00$c20091217$lBLL01$h0328
=CAT  \\$aBATCH-UPD$b00$c20140917$lBLL01$h1707
=CNF  \\$aErich L. Lehmann Symposium$n(1st :$d2002 May :$cGuanajuato, Mexico)
=FIN  \\$aY
=FMT  \\$a  BK
=LAS  \\$aBATCH-UPD$b00$c20140917$lBLL01$h1707
=SID  \\$aZ39$bLOC

