=LDR  02144 am a2200541 a 4500
=001  013013743
=003  Uk
=005  20041213110915.0
=008  041013s2004\\\\gw\a\\\\\b\\\\101\0\eng\\
=015  \\$aGBA474288$2bnb
=020  \\$a3540231633 (pbk) :$cNo price
=040  \\$aUk$beng$cUk$dUk
=042  \\$aukblsr
=082  04$a004.35$222
=111  2\$aEuropean PVM/MPI Users' Group Meeting$n(11th :$d2004 :$cBudapest, Hungary)
=245  10$aRecent advances in parallel virtual machine and message passing interface :$b11th European PVM/MPI User's Group meeting /$cDieter Kranzlmüller, Peter Kacsuk, Jack Dongarra (eds.).
=260  \\$aBerlin ;$a[London] :$bSpringer,$c2004.
=300  \\$axiii, 452 p. :$bill. ;$c24 cm.
=336  \\$atext$2rdacontent
=337  \\$aunmediated$2rdamedia
=338  \\$avolume$2rdacarrier
=490  1\$aLecture notes in computer science,$v3241$x0302-9743 ;
=504  \\$aIncludes bibliographical references and index.
=591  \\$aSelected papers. Described as proceedings.
=650  \0$aParallel computers$vCongresses.
=650  \0$aVirtual computer systems$vCongresses.
=650  \0$aData transmission systems$vCongresses.
=653  1\$aPVM
=653  1\$aMPI
=653  1\$aParallel virtual machine
=653  1\$aMessage passing interface
=700  1\$aKranzlmüller, Dieter,$d1969-
=700  1\$aKacsuk, Péter.
=700  1\$aDongarra, J. J.
=830  \0$aLecture notes in computer science,$v3241$x0302-9743 ;
=852  41$aBritish Library$bOC
=852  71$aBritish Library$bSTI$k(P)$hPL 50$iIssue 3241(2004)$m-E(30)$2blsrissc
=945  \\$aLecture notes in computer science, ISSN 0302-9743 ; 3241 2004
=CAT  \\$a10905$b40$c20041013$lBLL01$h1211
=CAT  \\$a10905$b40$c20041014$lBLL01$h0845
=CAT  \\$a11014$b40$c20041213$lBLL01$h1109
=CAT  \\$aBATCH-UPD$b40$c20090810$lBLL01$h2202
=CAT  \\$aBATCH$b00$c20091217$lBLL01$h0330
=CAT  \\$aBATCH-UPD$b00$c20101103$lBLL01$h2016
=CNF  \\$aEuropean PVM/MPI Users' Group (Meeting)$n(11th :$d2004 Sep :$cBudapest)
=FIN  \\$aY$d20041213
=FMT  \\$a  BK
=LAS  \\$aBATCH-UPD$b00$c20101103$lBLL01$h2016

