=LDR  01748 am a22005057a 4500
=001  013014245
=003  Uk
=005  20041018093508.0
=008  041014s2003\\\\xxu\\\\\\\\\\\100\0\eng\\
=010  \\$a2003109832
=020  \\$a0940600587 (pbk.)
=035  \\$a(DLC) 2003109832
=040  \\$aDLC$beng$cDLC$dUk
=042  \\$aukblsr
=082  00$a519.5$222
=245  00$aCrossing boundaries: statistical essays in honor of Jack Hall /$cJohn E. Kolassa and David Oakes, editors.
=260  \\$aBeachwood, Ohio :$bInstitute of Mathematical Statistics,$c2003.
=300  \\$aviii, 238 p.$b26 cm.
=336  \\$atext$2rdacontent
=337  \\$aunmediated$2rdamedia
=338  \\$avolume$2rdacarrier
=490  1\$aLecture notes-monograph series$vv. 43
=591  \\$aSelected papers.
=650  \0$aMathematical statistics.
=653  1\$aHall
=653  1\$aStatistical
=653  2\$aBoundaries
=700  1\$aHall, W. J.$q(William Jackson).
=700  1\$aKolossa, John E.
=700  1\$aOakes, David,$cPh. D.
=830  \0$aLecture notes-monograph series ;$vv. 43.
=852  41$aBritish Library$bDSC
=852  11$aBritish Library$bSTI$k(B)$h519.5
=945  \\$aLecture notes monograph series- Institute of Mathematical Statistics ; vol 43 2003
=CAT  \\$a6933$b40$c20041014$lBLL01$h0912
=CAT  \\$a6933$b40$c20041014$lBLL01$h0913
=CAT  \\$a8980$b40$c20041014$lBLL01$h1602
=CAT  \\$a11244$b40$c20041018$lBLL01$h0935
=CAT  \\$aBATCH$b00$c20091217$lBLL01$h0330
=CAT  \\$aBATCH-UPD$b00$c20181008$lBLL01$h1707
=CNF  \\$aSymposium in honor of the 70th birthday of W. Jackson Hall$d(1999 Sep :$cRochester, NY)
=FIN  \\$aY
=FMT  \\$a  BK
=LAS  \\$aBATCH-UPD$b00$c20181008$lBLL01$h1707
=SID  \\$aZ39$bLOC

