=LDR  01362 am a2200397 a 4500
=001  013021143
=003  Uk
=005  20050203125826.0
=006  m\\\\|\\\d\|\\\\\\
=007  co||g|||||||||
=008  041024s2004\\\\enk\\\\\s\\\\\100\0\eng\\
=015  \\$aGBA510242$2bnb
=020  \\$a1857681835 :$cNo price
=040  \\$aUk$beng$cUk
=042  \\$aukblsr
=082  04$a387.740426094$222
=245  04$aThe single European sky$h[electronic resource] : the operational and technical imperatives : Royal Aeronautical Society, 4 Hamilton Place, London Tuesday 29 June, 2004.
=260  \\$aLondon :$bRoyal Aeronautical Society,$c2004.
=300  \\$a1 CD-ROM ;$c4 3/4 in.
=336  \\$atext$2rdacontent
=337  \\$acomputer$2rdamedia
=338  \\$acomputer disc$2rdacarrier
=500  \\$aTitle from title screen.
=500  \\$aConference proceedings.
=516  \\$aPDF format.
=538  \\$aSystem requirements: IBM compatible PC; Windows.
=650  \0$aAir traffic control$zEurope$vCongresses.
=650  \0$aAir travel$zEurope$vCongresses.
=710  2\$aRoyal Aeronautical Society.
=852  11$aBritish Library$bSTI$k(TB)$h387.740426
=852  41$aBritish Library$bHMNTS
=CAT  \\$a7750$b40$c20041024$lBLL01$h1124
=CAT  \\$a9671$b40$c20050203$lBLL01$h1258
=FIN  \\$aY$d20050203
=FMT  \\$a  BK
=LAS  \\$a9671$b40$c20050203$lBLL01$h1258

