=LDR  01449 am a2200421 a 4500
=001  013021144
=003  Uk
=005  20050203130050.0
=006  m\\\\|\\\d\|\\\\\\
=007  co||g|||||||||
=008  041024s2004\\\\enk\\\\\s\\\\\100\0\eng\\
=015  \\$aGBA510229$2bnb
=020  \\$a1857681932 :$cNo price
=040  \\$aUk$beng$cUk
=042  \\$aukblsr
=082  04$a629.1346$222
=245  00$aGetting it right$h[electronic resource] :$bpreventing maintenance error : Royal Aeronautical Society, 4 Hamilton Place, London, Thursday 7 October, 2004.
=260  \\$a[London] :$bRoyal Aeronautical Society,$c2004.
=300  \\$a1 CD-ROM ;$c4 3/4 in.
=336  \\$atext$2rdacontent
=337  \\$acomputer$2rdamedia
=338  \\$acomputer disc$2rdacarrier
=500  \\$aTitle from title screen.
=500  \\$aConference proceedings.
=516  \\$aPDF format.
=538  \\$aSystem requirements: IBM compatible PC; Windows.
=650  \0$aAirplanes$xAirworthiness$vCongresses.
=650  \0$aAirplanes$xMaintenance and repair$vCongresses.
=710  1\$aRoyal Aeronautical Society.
=852  11$aBritish Library$bSTI$k(B)$h629.1346
=852  41$aBritish Library$bHMNTS
=CAT  \\$a7750$b40$c20041024$lBLL01$h1129
=CAT  \\$a9671$b40$c20050203$lBLL01$h1148
=CAT  \\$a9671$b40$c20050203$lBLL01$h1244
=CAT  \\$a9671$b40$c20050203$lBLL01$h1300
=FIN  \\$aY$d20050203
=FMT  \\$a  BK
=LAS  \\$a9671$b40$c20050203$lBLL01$h1300

