=LDR  01431 am a2200433 a 4500
=001  013030126
=003  Uk
=005  20050921074329.0
=008  041104s2004\\\\enka\\\\\\\\\\000\0\eng\\
=015  \\$aGBA578964$2bnb
=016  7\$a013030126$2Uk
=040  \\$aUk$beng$cUk
=042  \\$aukblsr
=082  04$a338.473636$222
=245  00$aStrategies for small and regional utilities :$bthe challenges of scale in energy markets.
=260  \\$aLondon :$bDatamonitor,$c2004.
=300  \\$a90 p. :$bill. ;$c30 cm.
=336  \\$atext$2rdacontent
=337  \\$aunmediated$2rdamedia
=338  \\$avolume$2rdacarrier
=500  \\$a"Reference code: DMEN0305" - t.p.
=650  \0$aMarket surveys.
=650  \0$aEnergy industries$xStatistics.
=650  \0$aEnergy industries$vStatistics.
=650  \0$aSmall business$xGrowth
=690  7\$aManagement and Business Studies$2blcoll
=710  2\$aDatamonitor (Firm)
=852  71$aBritish Library$bSTI$cRES$k(XB)$hRD 22$2blsrissc
=852  41$aBritish Library$bSTI
=CAT  \\$a8178$b40$c20041104$lBLL01$h1155
=CAT  \\$a8178$b40$c20041104$lBLL01$h1222
=CAT  \\$a5264$b40$c20050920$lBLL01$h0915
=CAT  \\$a5264$b40$c20050920$lBLL01$h0916
=CAT  \\$a5264$b40$c20050921$lBLL01$h0743
=CAT  \\$aBATCH$b00$c20090611$lBLL01$h1713
=CAT  \\$aWR16_021$c20160610$lBLL01$h2001
=FIN  \\$aY$d20050920
=FMT  \\$a  BK
=LAS  \\$aWR16_021$b00$c20160610$lBLL01$h2001

