=LDR  01353 aa a22004213u 4500
=001  013032309
=003  Uk
=005  20041109143213.0
=008  020327s2001\\\\xxuabc\||\\\\\001\|beng\\
=010  \\$a00068824
=019  g\$aadv5003450966
=019  a\$aG07118464
=020  \\$a1576470261
=040  \\$aUk$cUk
=082  04$a780.92$221
=100  1\$aSchmidt, Carl B.
=245  10$aEntrancing muse :$ba documented biography of Francis Poulenc /$cCarl B. Schmidt.
=260  \\$aNew York, N.Y. :$bPendragon Press,$c[2001]
=300  \\$axx, 621 p. :$bill., 1 map, ports. ;$c24 cm.
=336  \\$atext$2rdacontent
=337  \\$aunmediated$2rdamedia
=338  \\$avolume$2rdacarrier
=490  0\$aLives in music ;$vno. 3
=504  \\$aIncludes bibliographical references, discography and index.
=600  14$aPoulenc, Francis,$d1899-1963.
=852  \\$aBritish Library$bMUSIC
=852  41$aBritish Library$bHMNTS$cSPHOA$kMUS$h789$mPOUL
=945  \\$aLives in music ; no 3
=966  \\$lACQUIS 20/03/2002
=CAT  \\$a7988$b40$c20041109$lBLL01$h1432
=CAT  \\$aglobal_upd$b40$c20060417$lBLL01$h1527
=CAT  \\$aBATCH$b00$c20091211$lBLL01$h0100
=CAT  \\$aBATCH$b00$c20100103$lBLL01$h1128
=FIN  \\$aY
=FMT  \\$a  BK
=LAS  \\$aBATCH$b00$c20100103$lBLL01$h1128
=LEO  \\$aMP8.0001684860
=SRC  \\$aDSC01$bbibmp8.200404.2.ac

