=LDR  01719cas a2200493 a 4500
=001  013036845
=003  Uk
=005  20180821133009.0
=007  ta
=008  041115c20059999enkar\p\\r\\\\0\\\a0eng\\
=015  \\$aGBA566126$2bnb
=022  0\$a1748-6823$202
=040  \\$aUk$beng$cUk
=042  \\$aukblsr$aissnuk
=046  \\$at$c2004$e9999
=082  04$a338.766862025$222
=222  \0$aFertilizer industry directory
=245  00$aFertilizer industry directory ...
=260  \\$aLondon :$bBritish Sulphur Publishing,$c2004-
=264  31$a[Crowborough] :$bPublished for BCInsight Ltd by Boundary I-Media Ltd
=300  \\$av. ;$c21 cm.
=310  \\$aAnnual
=336  \\$atext$2rdacontent
=337  \\$aunmediated$2rdamedia
=338  \\$avolume$2rdacarrier
=362  0\$a2005-
=588  \\$aLatest issue consulted: 2019.
=650  \0$aFertilizer industry$vDirectories.
=690  7\$aManagement and Business Studies$2blcoll
=780  00$tFertilizer yearbook$x1747-2474
=852  11$aBritish Library$bSTI$cBIPC$k(B) DIR$h338.766862025$mBusiness$36th Edition(2005)-***Current issue
=852  71$aBritish Library$bSTI$cRES$k(XP)$hAA 692$m-E(70)$2blsrissc$3Earlier issues
=852  41$aBritish Library$bDSC
=CAT  \\$a4861$b40$c20041115$lBLL01$h1031
=CAT  \\$a6537$b40$c20050805$lBLL01$h1445
=CAT  \\$a6537$b40$c20051005$lBLL01$h0851
=CAT  \\$aBATCH$b00$c20090611$lBLL01$h1713
=CAT  \\$aWR14_140$c20140905$lBLL01$h1806
=CAT  \\$a10973$b40$c20180821$lBLL01$h1330
=FIN  \\$aY$d20050805
=FMT  \\$a  SE
=LAS  \\$a10973$b40$c20180821$lBLL01$h1330
=LKR  \\$aPAR$b008528400$lBLL01$r78000$mFertilizer industry directory$nFertilizer yearbook
=TCO  \\$aCLA$bCLA$c008

