=LDR  01883 am a2200493 a 4500
=001  013038225
=003  Uk
=005  20041122171633.0
=008  041116s2004\\\\enka\\\\\b\\\\101\0\eng\\
=015  \\$aGBA483140$2bnb
=016  7\$a013038225$2Uk
=020  \\$a0954786122 (set) :$cNo price
=020  \\$a0954786106 (v. 1) :$cNo price
=020  \\$a0954786114 (v. 2) :$cNo price
=040  \\$aUk$beng$cUk
=042  \\$aukblsr
=082  04$a796.01$222
=111  2\$aInternational Conference on the Engineering of Sport$n(5th :$d2004 :$cUniversity of California, Davis)
=245  14$aThe engineering of sport 5 /$cedited by M. Hubbard, R.D. Mehta, J.M. Pallis.
=260  \\$aSheffield :$bInternational Sports Engineering Association,$cc2004.
=300  \\$a2 v. :$bill. ;$c26 cm.
=336  \\$atext$2rdacontent
=337  \\$aunmediated$2rdamedia
=338  \\$avolume$2rdacarrier
=500  \\$a"Contains 172 presented at the 5th Conference on the Engineering of Sport held on the campus of the University of California, Davis, September 13-16, 2004" -- Pref.
=504  \\$aIncludes bibliographical references and index.
=650  \0$aSports sciences$vCongresses.
=650  \0$aAthletics$xEquipment and supplies$vCongresses.
=650  \0$aSporting goods$vCongresses.
=700  1\$aHubbard, M.
=700  1\$aMehta, R. D.
=700  1\$aPallis, Jani Macari.
=710  2\$aInternational Sports Engineering Association.
=852  41$aBritish Library$bDSC
=852  11$aBritish Library$bSTI$k(B)$h796.01
=CAT  \\$a12271$b40$c20041116$lBLL01$h1529
=CAT  \\$a12271$b40$c20041116$lBLL01$h1536
=CAT  \\$a10812$b40$c20041116$lBLL01$h1620
=CAT  \\$a10746$b40$c20041122$lBLL01$h1714
=CAT  \\$a10746$b40$c20041122$lBLL01$h1716
=CAT  \\$aWR16_021$c20160610$lBLL01$h2002
=FIN  \\$aY
=FMT  \\$a  BK
=LAS  \\$aWR16_021$b00$c20160610$lBLL01$h2002

