=LDR  01572 am a2200433 a 4500
=001  013051324
=003  Uk
=005  20041217154725.0
=008  041129s2003\\\\nyu\\\\\\b\\\i000\0\eng\\
=040  \\$aUk$beng$cUk$dUk
=041  1\$aeng$bara
=042  \\$aukblsr
=082  04$a338.1609567$222
=245  00$aEnhancing agricultural productivity through on-farm water-use efficency :$ban empirical case study of wheat production in Iraq /
=260  \\$aNew York :$bUnited Nations,$c2003.
=300  \\$ax, 39 p. ;$c28 cm.
=336  \\$atext$2rdacontent
=337  \\$aunmediated$2rdamedia
=338  \\$avolume$2rdacarrier
=500  \\$aE/ESCWA/SDPD/2003/18$5Uk
=504  \\$aIncludes bibliographical references.
=650  \0$aWheat$xIrrigation$zIraq.
=650  \0$aCrops and water$zIraq.
=650  \0$aWater conservation$zIraq.
=690  7\$aManagement and Business Studies$2blcoll
=710  2\$aUnited Nations.$bEconomic and Social Commission for Western Asia.
=710  2\$aInternational Center for Agricultural Research in the Dry Areas.
=852  41$aBritish Library$bHMNTS
=852  11$aBritish Library$bSTI$k(B)$h338.1609567
=CAT  \\$a8181$b40$c20041130$lBLL01$h0904
=CAT  \\$a8181$b40$c20041130$lBLL01$h0906
=CAT  \\$a6191$b40$c20041217$lBLL01$h1546
=CAT  \\$a6191$b40$c20041217$lBLL01$h1547
=CAT  \\$aBATCH-UPD$b40$c20070111$lBLL01$h1233
=CAT  \\$aBATCH$b00$c20090611$lBLL01$h1714
=CAT  \\$aBATCH-UPD$b00$c20180827$lBLL01$h2037
=FIN  \\$aY$d20041217.
=FMT  \\$a  BK
=LAS  \\$aBATCH-UPD$b00$c20180827$lBLL01$h2037

