=LDR  01634 am a2200457 a 4500
=001  013055517
=003  Uk
=005  20041206094920.0
=008  041018s2004\\\\xxua\\\\\b\\\\001\0\eng\d
=020  \\$a1881041883
=040  \\$aUk$beng$cUk
=042  \\$aukblsr
=082  04$a616.9946$222
=100  10$aMurphy, William M.,$d1942-
=245  10$aTumors of the kidney, bladder, and related urinary structures /$cby William M. Murphy, David J. Grignon, Elizabeth J. Perlman.
=260  \\$aWashington, D.C. :$bAmerican Registry of Pathology,$c2004.
=300  \\$axiii, 394 p :$bill. (some col.) ;$c29 cm.
=336  \\$atext$2rdacontent
=337  \\$aunmediated$2rdamedia
=338  \\$avolume$2rdacarrier
=490  1\$aAtlas of tumor pathology. Fourth series ;$vfasc. 1
=504  \\$aIncludes bibliographical references and index.
=650  \0$aKidneys$xTumors$vAtlases.
=650  \0$aBladder$xTumors$vAtlases.
=650  \0$aUrinary organs$xTumors$vAtlases.
=700  1\$aGrignon, David J.
=700  1\$aPerlman, Elizabeth J.
=710  2\$aAmerican Registry of Pathology.
=830  \0$aAtlas of tumor pathology.$nFourth series ;$vfasc. 1
=852  71$aBritish Library$bHMNTS
=852  11$aBritish Library$bSTI$k(B)$h616.9946
=CAT  \\$a11250$b40$c20041203$lBLL01$h1201
=CAT  \\$a11250$b40$c20041203$lBLL01$h1202
=CAT  \\$a11250$b40$c20041203$lBLL01$h1203
=CAT  \\$a10743$b40$c20041206$lBLL01$h0949
=CAT  \\$aBATCH$b00$c20091217$lBLL01$h0335
=CAT  \\$aBATCH-UPD$b00$c20140828$lBLL01$h2109
=FIN  \\$aY
=FMT  \\$a  BK
=LAS  \\$aBATCH-UPD$b00$c20140828$lBLL01$h2109
=SID  \\$aZ39$bCURL

