=LDR  01533 am a2200445 a 4500
=001  013064875
=003  Uk
=005  20161201122449.0
=008  041215s2004\\\\enka\\\\\b\\\\001\0\eng\\
=015  \\$aGBA539265$2bnb
=016  7\$a013064875$2Uk
=020  \\$a1903044324 (hbk.) :$cNo price
=040  \\$aUk$beng$cUk
=042  \\$aukblsr
=082  04$a616.83306$222
=245  04$aThe effective management of Parkinson's disease /$cedited by Leslie Findley, Brian Hurwitz, Andrew Miles.
=260  \\$aLondon :$bAesculapius Medicine,$c2004.
=300  \\$axvii, 264 p. :$bill. ;$c24 cm.
=336  \\$atext$2rdacontent
=337  \\$aunmediated$2rdamedia
=338  \\$avolume$2rdacarrier
=490  1\$aUK key advances in clinical practice series
=504  \\$aIncludes bibliographical references and index.
=650  \0$aParkinson's disease$xTreatment.
=700  1\$aFindley, Leslie J.
=700  1\$aHurwitz, Brian.
=700  1\$aMiles, Andrew,$d1963-
=830  \0$aUK key advances in clinical practice series.
=852  41$aBritish Library$bHMNTS
=852  11$aBritish Library$bSTI$k(B)$h616.833
=CAT  \\$a6741$b40$c20041215$lBLL01$h1123
=CAT  \\$aAGENCY14$b40$c20041215$lBLL01$h1256
=CAT  \\$a6191$b40$c20050506$lBLL01$h1308
=CAT  \\$aBATCH$b00$c20091217$lBLL01$h0337
=CAT  \\$aWR16_021$c20160610$lBLL01$h2007
=CAT  \\$aBATCH-UPD$b00$c20160610$lBLL01$h2341
=CAT  \\$a9666$b40$c20161201$lBLL01$h1224
=FIN  \\$aY$d20050506.
=FMT  \\$a  BK
=LAS  \\$a9666$b40$c20161201$lBLL01$h1224

