=LDR  01662cam a2200481 a 4500
=001  013080656
=003  Uk
=005  20050422140415.0
=008  041110s2005\\\\enka\\\\\b\\\\000\0\eng\\
=015  \\$aGBA503345$2bnb
=016  7\$a013080656$2Uk
=020  \\$a1850971145 :$c£53.00
=040  \\$aStDuBDS$dUk
=082  04$a617.693$222
=100  1\$aRomanos, Georgios.
=245  10$aImmediate loading of endosseous implants in the posterior mandible :$banimal and clinical studies /$cGeorgios Romanos.
=260  \\$aLondon :$bQuintessence,$c2005.
=300  \\$a144 p. :$bcol. ill. ;$c24 cm.
=336  \\$atext$2rdacontent
=337  \\$aunmediated$2rdamedia
=338  \\$avolume$2rdacarrier
=500  \\$aFormerly CIP.$5Uk
=502  \\$aThesis (Ph.D.)-Johann Wolfgang Goethe University, 2003
=504  \\$aIncludes bibliographical references.
=650  \0$aEndosseous dental implants$xResearch.
=650  \0$aAnimal models in research.
=710  2\$aUniversität Frankfurt am Main.
=852  41$aBritish Library$bHMNTS
=852  11$aBritish Library$bSTI$k(B)$h617.693
=985  \\$aAdd 042.
=CAT  \\$aBATCH$b00$c20050111$lBLL01$h1704
=CAT  \\$c20050111$lBLL01$h1705
=CAT  \\$c20050111$lBLL01$h1708
=CAT  \\$a11070$b40$c20050420$lBLL01$h1605
=CAT  \\$a10743$b40$c20050422$lBLL01$h1404
=CAT  \\$a10743$b40$c20050422$lBLL01$h1418
=CAT  \\$a10743$b40$c20050422$lBLL01$h1427
=CAT  \\$aBATCH-UPD$b40$c20110402$lBLL01$h1726
=CAT  \\$aWR16_021$c20160610$lBLL01$h2010
=CAT  \\$aW2308-1659$c20230923$lBLL01$h0914
=FIN  \\$aY$d20050420
=FMT  \\$a  BK
=LAS  \\$aW2308-1659$b00$c20230923$lBLL01$h0914

