=LDR  01513 am a2200361 a 4500
=001  013091053
=003  Uk
=005  20050204085258.0
=008  050125s2004\\\\hu\ab\\\\r\\\\000\0\eng\\
=020  \\$a9639424463 (pbk.)
=040  \\$aUk$beng$cUk
=042  \\$aukblsr
=082  04$a363.7002543$222
=245  00$aEnvironmental information centres, resources and services :$binventory and needs assessment for Central and Eastern Europe /$cedited by Kristina Vilimaite.
=260  \\$aSzentendre, Hungary :$bRegional Environmental Center for Central and Eastern Europe,$c2004.
=300  \\$a327 p. :$bill., maps ;$c21 cm.
=336  \\$atext$2rdacontent
=337  \\$aunmediated$2rdamedia
=338  \\$avolume$2rdacarrier
=650  \0$aEnvironmental protection$zEurope, Central$xInformation services$vDirectories.
=650  \0$aEnvironmental protection$zEurope, Eastern$xInformation services$vDirectories.
=650  \0$aEnvironmental policy$zEurope, Central$xInformation services$vDirectories.
=650  \0$aEnvironmental policy$zEurope, Eastern$xInformation services$vDirectories.
=700  1\$aVilimaite, Kristina.
=710  2\$aRegional Environmental Center for Central and Eastern Europe.
=852  11$aBritish Library$bSTI
=852  11$aBritish Library$bSTI$k(B)$h363.7002543
=CAT  \\$a3563$b40$c20050125$lBLL01$h1055
=CAT  \\$a11250$b40$c20050203$lBLL01$h1142
=CAT  \\$a11244$b40$c20050204$lBLL01$h0852
=FIN  \\$aY$d20050203
=FMT  \\$a  BK
=LAS  \\$a11244$b40$c20050204$lBLL01$h0852

