=LDR  01524pam a2200433 a 4500
=001  013098185
=003  Uk
=005  20050901120351.0
=008  050323s2005\\\\dcu\\\\\\\\\\f001\0\eng\\
=010  \\$a  2005044090
=020  \\$a0844411248 (pbk.) :$cNo price
=040  \\$aDLC$cDLC$dUk
=042  \\$aukblsr
=050  00$aZ696.U5P63$b2005
=082  00$a025.464$222
=110  2\$aLibrary of Congress.
=245  10$aLibrary of Congress classification. PB-PH. Modern European languages /$cprepared by the Cataloging Policy and Support Office, Library Services.
=246  30$aModern European languages
=250  \\$a2005 ed.
=260  \\$aWashington, DC. :$bLibrary of Congress Cataloging Distribution Service,$c2005.
=300  \\$ax, 747 p. ;$c27 cm.
=336  \\$atext$2rdacontent
=337  \\$aunmediated$2rdamedia
=338  \\$avolume$2rdacarrier
=500  \\$aIncludes index.
=650  \0$aClassification$xBooks$xPhilology, Modern.
=650  \0$aClassification$xBooks$xLanguages, Modern.
=650  \0$aClassification, Library of Congress.
=710  2\$aLibrary of Congress.$bCataloging Policy and Support Office.
=852  11$aBritish Library$bHMNTS$cSPHOA$kHUR$h025.433
=852  41$aBritish Library$bHMNTS
=CAT  \\$a10958$b40$c20050201$lBLL01$h1111
=CAT  \\$a9657$b40$c20050705$lBLL01$h1430
=CAT  \\$a10896$b40$c20050706$lBLL01$h0926
=CAT  \\$a10896$b40$c20050901$lBLL01$h1203
=FIN  \\$aY$d20050705
=FMT  \\$a  BK
=LAS  \\$a10896$b40$c20050901$lBLL01$h1203
=SRC  \\$aBLL02

