=LDR  01734 am a2200469 a 4500
=001  013101038
=003  Uk
=005  20051207162948.0
=008  050202s2004\\\\enkab\\\\b\\\\000\0\eng\\
=015  \\$aGBA510569$2bnb
=016  7\$a013101038$2Uk
=020  \\$cNo price (pbk.)
=040  \\$aUk$beng$cUk
=042  \\$aukblsr
=082  04$a333.9516095496$222
=245  00$aBabai River Valley fish and biodiversity survey :$bRoyal Bardia National Park, Nepal, March 2003 /$cS. Oliver (Editor) ; authors: B. Adhikari ... [et al.].
=260  \\$aLondon :$bZoological Society of London,$cc2004.
=300  \\$av, 119 p. :$bcol. ill., maps (chiefly col.) ;$c30 cm.
=336  \\$atext$2rdacontent
=337  \\$aunmediated$2rdamedia
=338  \\$avolume$2rdacarrier
=490  1\$aZSL Conservation Report ;$vNo. 3
=504  \\$aIncludes bibliographical references.
=650  \0$aBiological diversity$zNepal$zRoyal Bardia National Park.
=650  \0$aFishes$xConservation.
=650  \0$aBiological diversity.
=700  1\$aOliver, S.$q(Sophie),$d1974-
=710  2\$aZoological Society of London.
=830  \0$aConservation Report (Zoological Society of London)$vno. 3.
=852  11$aBritish Library$bSTI$k(B)$h333.9516
=852  41$aBritish Library$bHMNTS
=CAT  \\$a12321$b40$c20050202$lBLL01$h1119
=CAT  \\$a12179$b40$c20050208$lBLL01$h1031
=CAT  \\$a12179$b40$c20050208$lBLL01$h1033
=CAT  \\$a7000$b40$c20050209$lBLL01$h1552
=CAT  \\$a10743$b40$c20050210$lBLL01$h1016
=CAT  \\$a10743$b40$c20050301$lBLL01$h1107
=CAT  \\$a11249$b40$c20051207$lBLL01$h1629
=CAT  \\$aWR16_021$c20160611$lBLL01$h1941
=FIN  \\$aY$d20050209
=FMT  \\$a  BK
=LAS  \\$aWR16_021$b00$c20160611$lBLL01$h1941

