=LDR  03835cas a2200925 a 4500
=001  013104297
=003  Uk
=005  20221231210525.0
=007  ta
=008  050207d20052005enkmn\p\\\\\\\0\\\a0eng\\
=015  \\$aGBA559865$2bnb
=022  0\$a1746-5826$202
=040  \\$aUk$beng$cUk$dUk
=042  \\$aukblsr$aissnuk
=082  04$a381.142$222
=222  \0$aeBuyer & online seller
=245  00$aeBuyer & online seller.
=246  3\$aeBuyer and online seller
=260  \\$aBournemouth :$bHighbury Entertainment,$c2005.
=300  \\$a10 v. :$bcol. ill., col. ports. ;$c30 cm.
=310  \\$aThirteen issues yearly
=336  \\$atext$2rdacontent
=337  \\$aunmediated$2rdamedia
=338  \\$avolume$2rdacarrier
=362  0\$aIssue 72 (Apr. 2005)-issue 81 (Dec. 2005)
=540  \\$aCurrent Copyright Fee: GBP25.00$c0$5Uk
=595  \\$aSee card index
=610  20$aeBay (Firm)$vPeriodicals.
=650  \0$aInternet auctions$vPeriodicals.
=650  \0$aTeleshopping$vPeriodicals.
=650  \0$aElectronic commerce$vPeriodicals.
=690  7\$aManagement and Business Studies$2blcoll
=780  00$tInternet user$x1742-9390
=785  00$teBuyer$x1748-6459
=852  11$aBritish Library$bSTI$k(P)$h004.6$m-E(1)$3April 2005-December 2005
=852  \\$aBritish Library$bSTI
=945  \\$aeBuyer and online seller
=979  \\$aBritish Library$bDSC$j3647.228500N$xDSC Not Selected
=ACF  \\$aPrevious Copyright Fee: GBP6.00$c0$e01-oct-2008$fGBP6.00$g0$hC$5Uk
=ACF  \\$aPrevious copyright fee: GBP6.00$c0$e01-apr-2008$fGBP6.00$g0$hA$5Uk
=ACF  \\$aPrevious copyright fee: GBP5.00$c0$e14-sep-2005$fGBP5.00$g0$hA$5Uk
=ACF  \\$aPrevious copyright fee: GBP10.50$c0$e01-jan-2011$fGBP10.50$g0$hA$5Uk
=ACF  \\$aPrevious copyright fee: GBP12.00$c0$e01-jan-2012$fGBP12.00$g0$hA$5Uk
=ACF  \\$aPrevious Copyright Fee: GBP12.30$c0$e01-jan-2014$fGBP12.30$g0$hA$5Uk
=ACF  \\$aPrevious Copyright Fee: GBP15.00$c0$e01-jan-2017$fGBP15.00$g0$hA$5Uk
=ACF  \\$aPrevious Copyright Fee: GBP17.50$c0$e01-jan-2018$fGBP17.50$g0$hA$5Uk
=ACF  \\$aPrevious Copyright Fee: GBP20.00$c0$e01-jan-2020$fGBP20.00$g0$hA$5Uk
=CAT  \\$a8870$b40$c20050207$lBLL01$h1405
=CAT  \\$aBATCH$b00$c20080330$lBLL01$h2301
=CAT  \\$aBATCH-CLA$b00$c20080829$lBLL01$h1817
=CAT  \\$aBATCH-UPD$b00$c20080930$lBLL01$h2253
=CAT  \\$aBATCH-UPD$b00$c20081001$lBLL01$h0011
=CAT  \\$aBATCH$b00$c20081001$lBLL01$h0127
=CAT  \\$aBATCH$b00$c20090611$lBLL01$h1716
=CAT  \\$aBATCH-UPD$b00$c20101201$lBLL01$h1249
=CAT  \\$aIPL-CLA$c20101231$lBLL01$h1514
=CAT  \\$aWR11_203$c20111204$lBLL01$h1509
=CAT  \\$aIPL-CLA$c20111230$lBLL01$h2020
=CAT  \\$aBATCH-CLA$b00$c20121109$lBLL01$h1729
=CAT  \\$aBATCH-CLA$c20131220$lBLL01$h2031
=CAT  \\$aIPL-CLA$c20131231$lBLL01$h2346
=CAT  \\$aWR14_140$c20140905$lBLL01$h1807
=CAT  \\$aBATCH-CLA$b00$c20161222$lBLL01$h1805
=CAT  \\$aIPL-CLA$c20161230$lBLL01$h2135
=CAT  \\$aBATCH-CLA$b00$c20171222$lBLL01$h2126
=CAT  \\$aIPL-CLA$c20171231$lBLL01$h1639
=CAT  \\$aBATCH-CLA$b00$c20191219$lBLL01$h1732
=CAT  \\$aIPL-CLA$c20191231$lBLL01$h1931
=CAT  \\$aR2001-1524$c20200127$lBLL01$h2009
=CAT  \\$aBATCH-CLA$b00$c20201204$lBLL01$h1534
=CAT  \\$aIPL-CLA$c20201231$lBLL01$h2158
=CAT  \\$aBATCH-CLA$b00$c20221221$lBLL01$h1842
=CAT  \\$aIPL-CLA$c20221231$lBLL01$h2105
=CFI  0\$aCurrent Copyright Fee: GBP25.00$c0$e01-jan-2023$fGBP25.00$g0$hA$5Uk
=CFI  2\$aPrevious Copyright Fee: GBP22.50$c0$e01-jan-2021$fGBP22.50$g0$hA$5Uk
=FIN  \\$aY$d20050715
=FMT  \\$a  SE
=LAS  \\$aIPL-CLA$b00$c20221231$lBLL01$h2105
=LKR  \\$aPAR$b012913213$lBLL01$r78000$meBuyer & online seller$nInternet user (Bournemouth)
=TCO  \\$aCLA$bCLA$c008

