=LDR  01501 as a2200421 a 4500
=001  013108341
=003  Uk
=005  20120913083749.0
=008  050210d2004200uenkuu\\\\f\\\\0\\\a0eng\\
=015  \\$aGBA512565$2bnb
=040  \\$aUk$beng$cUk
=042  \\$aukblsr
=082  04$a363.1236$222
=245  00$aSafety and environmental handbook.
=246  3\$aLloyd's Register Fairplay safety and environmental handbook
=260  \\$aRedhill (Lombard House, 3 Princess Way, Redhill, Surrey RH1 1UP) :$bLloyd's Register-Fairplay,$c2004-
=300  \\$av. ;$c30 cm. +$eCD-ROMs.
=336  \\$atext$2rdacontent
=337  \\$aunmediated$2rdamedia
=338  \\$avolume$2rdacarrier
=362  0\$a2004-
=362  1\$aCeased in 2004?
=500  \\$aIncludes CD-ROM.
=650  \0$aMerchant marine$xSafety measures$vHandbooks, manuals, etc.
=650  \0$aMerchant marine$xSafety regulations$vHandbooks, manuals, etc.
=650  \0$aMerchant marine$xEnvironmental aspects$vHandbooks, manuals, etc.
=710  2\$aLloyd's Register-Fairplay Ltd.
=852  11$aBritish Library$bSTI$k(P)$h363.1$m-E(1)$32004
=852  11$aBritish Library$bSTI$k(TP)$h363.1$m-E(1)$32004-
=852  \\$aBritish Library$bSTI
=CAT  \\$a8323$b40$c20050210$lBLL01$h1118
=CAT  \\$a8323$b40$c20050210$lBLL01$h1119
=CAT  \\$a7778$b40$c20120913$lBLL01$h0837
=CAT  \\$aWR14_140$c20140905$lBLL01$h1807
=FIN  \\$aY$d20050210
=FMT  \\$a  SE
=LAS  \\$aWR14_140$b00$c20140905$lBLL01$h1807
=TCO  \\$aCLA$bCLA$c008

