=LDR  01397 am a2200409 a 4500
=001  013131451
=003  Uk
=005  20050318115315.0
=008  050309s2004\\\\enka\\\\\b\\\\000\0\eng\\
=015  \\$aGBA524267$2bnb
=016  7\$a013131451$2Uk
=020  \\$a0953783316 (pbk.) :$cNo price
=040  \\$aUk$beng$cUk
=042  \\$aukblsr
=082  04$a530.1$222
=100  1\$aBrowne, Peter Finlay.
=245  12$aA superfluid aether, unified field theory, particles, and quantum mechanics /$cPeter Finlay Brown.
=250  \\$a2nd ed.
=260  \\$aSt Agnes :$bPeter Finlay Browne,$c2004.
=300  \\$ax, 380 p. :$bill. ;$c24 cm.
=336  \\$atext$2rdacontent
=337  \\$aunmediated$2rdamedia
=338  \\$avolume$2rdacarrier
=500  \\$aPreviously published as: A superfluid aether, particles, and quantum mechanics. 1999.
=504  \\$aIncludes bibliographical references.
=650  \0$aPhysics.
=650  \0$aQuantum theory.
=700  1\$aBrowne, Peter Finlay.$tSuperfluid aether, particles, and quantum mechanics.
=852  11$aBritish Library$bSTI$k(B)$h530.1
=852  41$aBritish Library$bDSC
=CAT  \\$a12325$b40$c20050309$lBLL01$h1057
=CAT  \\$a10938$b40$c20050317$lBLL01$h1457
=CAT  \\$a10938$b40$c20050318$lBLL01$h1153
=CAT  \\$aWR16_021$c20160611$lBLL01$h1948
=FIN  \\$aY$d20050317
=FMT  \\$a  BK
=LAS  \\$aWR16_021$b00$c20160611$lBLL01$h1948

