=LDR  01865 am a22004695a 4500
=001  013139447
=003  Uk
=005  20050422095905.0
=006  m\\\\|\\\d\|\\\\\\
=007  co|cg|||||||||
=008  050321s2004\\\\enk\\\\\s\\\\\100\0\eng\\
=015  \\$aGBA534478$2bnb
=020  \\$a0853162468 :$cNo price
=040  \\$aUk$beng$cUk
=042  \\$aukblsr
=082  04$a620.0042$222
=111  2\$aASMO UK / ISSMO Conference on Engineering Design Optimization Product and Process Improvement$n(5th :$d2004 :$cStratford-upon-Avon, England)
=245  10$aEngineering design optimization product and process improvement$h[electronic resource] :$bproceedings of 5th ASMO-UK/ISSMO Conference, Stratford-upon-Avon, 12-13 July 2004 /$cedited by O.M. Querin ... [et al.].
=260  \\$a[Leeds] :$bASMO-UK,$cc2004.
=300  \\$a1 CD-ROM :$bcol. ;$c4 3/4 in.
=336  \\$atext$2rdacontent
=337  \\$acomputer$2rdamedia
=338  \\$acomputer disc$2rdacarrier
=500  \\$aTitle from CD-ROM label.
=516  \\$aPDF format.
=538  \\$aSystem requirements: IBM compatible PC; Windows.
=650  \0$aEngineering design$vCongresses.
=650  \0$aMathematical optimization$vCongresses.
=700  1\$aQuerin, Osvaldo M.
=710  2\$aAssociation for Structural and Multidisciplinary Optimization in the UK.
=710  2\$aInternational Society for Structural and Multidisciplinary Optimization.
=852  41$aBritish Library$bHMNTS
=852  11$aBritish Library$bSTI$k(TB)$h620.0042
=CAT  \\$a7750$b40$c20050321$lBLL01$h1359
=CAT  \\$a6524$b40$c20050408$lBLL01$h0824
=CAT  \\$a10883$b40$c20050415$lBLL01$h1343
=CAT  \\$a9671$b40$c20050420$lBLL01$h0923
=CAT  \\$a9671$b40$c20050420$lBLL01$h1008
=CAT  \\$a5194$b40$c20050422$lBLL01$h0959
=FIN  \\$aY$d20050420
=FMT  \\$a  BK
=LAS  \\$a5194$b40$c20050422$lBLL01$h0959

