=LDR  01570pam a2200481 a 4500
=001  013147374
=003  Uk
=005  20060119155311.0
=008  050210s2006\\\\enkab\\\\b\\\\001\0\eng\\
=015  \\$aGBA525455$2bnb
=016  7\$a013147374$2Uk
=020  \\$a0443067902 :$c£43.99
=040  \\$aStDuBDS$dUk
=042  \\$aukblsr
=082  04$a616.500913$222
=245  00$aTropical dermatology /$cStephen K. Tyring, Omar Lupi, Ulrich R. Hengge.
=260  \\$a[Great Britain] :$bElsevier Churchill Livingstone,$c2006.
=300  \\$axi, 515 p.$bcol. ill., col. maps ;$c29 cm.
=336  \\$atext$2rdacontent
=337  \\$aunmediated$2rdamedia
=338  \\$avolume$2rdacarrier
=500  \\$aIncludes bibliographical references and index.
=500  \\$aFormerly CIP.$5Uk
=650  \0$aDermatology.
=650  \0$aTropical medicine.
=650  \0$aSkin$xDiseases.
=700  1\$aTyring, Stephen K.$q(Stephen Keith).
=700  1\$aLupi, Omar.
=700  1\$aHengge, Ulrich R.,$d1963-
=852  \\$aBritish Library$bDSC
=852  11$aBritish Library$bSTI$k(B)$h616.500913
=CAT  \\$aBATCH$b00$c20050322$lBLL01$h1706
=CAT  \\$c20050322$lBLL01$h1725
=CAT  \\$c20050519$lBLL01$h1102
=CAT  \\$c20050519$lBLL01$h1110
=CAT  \\$a9678$b40$c20050613$lBLL01$h1642
=CAT  \\$a12327$b40$c20060117$lBLL01$h1046
=CAT  \\$a6506$b40$c20060119$lBLL01$h1553
=CAT  \\$aWR16_021$c20160611$lBLL01$h1950
=CAT  \\$aBATCH-UPD$b00$c20170422$lBLL01$h1741
=FIN  \\$aY$d20050613
=FMT  \\$a  BK
=LAS  \\$aBATCH-UPD$b00$c20170422$lBLL01$h1741

