=LDR  01712 as a22004695a 4500
=001  013173890
=003  Uk
=005  20140519135159.0
=006  m\\\\\\\\d\|\\\\\\
=007  co|cg|||||||||
=008  050412d200u200uenkuu\p\s\\\\\0\\\a0eng\\
=015  \\$aGBA558505$2bnb
=040  \\$aUk$beng$cUk
=042  \\$aukblsr
=082  04$a627.98$222
=245  00$aUKOOA guidelines for the management of offshore helideck operations$h[electronic resource].
=246  3\$aGuidelines for the management of offshore helideck operations.
=260  \\$aLondon :$bUK Offshore Operators Association.
=300  \\$aCD-ROMs;$c4 3/4 in.
=336  \\$atext$2rdacontent
=337  \\$acomputer$2rdamedia
=338  \\$acomputer disc$2rdacarrier
=500  \\$aTitle printed on disc label.
=500  \\$aDescription based on: Issue 5 (Feb. 2005)
=538  \\$aSystem requirements: IBM compatible PC; PC 486 DX Processor; 12MB RAM; Windows 95 or later.
=538  \\$aSystem requirements: MAC power PC processor; 12MB RAM; System 7.0 or later.
=650  \0$aHeliports$xDesign and construction.
=650  \0$aHeliports$xSafety measures.
=650  \0$aHelicopters$xLanding
=650  \0$aOffshore structures.
=710  2\$aUK Offshore Operators Association.
=852  41$aBritish Library$bSTI$3Issue 5 (2005)
=852  11$aBritish Library$bSTI$k(TP)$h627.98$m-E(1)
=CAT  \\$a7750$b40$c20050412$lBLL01$h1052
=CAT  \\$a3072$b40$c20050712$lBLL01$h1455
=CAT  \\$a3072$b40$c20050713$lBLL01$h1523
=CAT  \\$a7778$b40$c20140519$lBLL01$h1351
=CAT  \\$aWR14_140$c20140905$lBLL01$h1807
=FIN  \\$aY$d20050713
=FMT  \\$a  SE
=LAS  \\$aWR14_140$b00$c20140905$lBLL01$h1807
=TCO  \\$aCLA$bCLA$c008

