=LDR  01831pam a2200529 a 4500
=001  013175524
=003  Uk
=005  20050701104303.0
=008  050401s2005\\\\enka\\\\\b\\\\001\0\eng\\
=010  \\$a2004063562
=015  \\$aGBA531867$2bnb
=016  7\$a013175524$2Uk
=020  \\$a9780195157208 (cased) :$c£54.00
=020  \\$a0195157206 (cased) :$c£54.00
=020  \\$a9780195157215 (pbk.) :$c£26.99
=020  \\$a0195157214 (pbk.) :$c£26.99
=040  \\$aStDuBDS$dUk
=042  \\$aukblsr
=082  04$a004.678$222
=245  04$aThe internet as a large-scale complex system /$ceditors, Kihong Park, Walter Willinger.
=260  \\$aOxford ;$bOxford University Press,$c2005.
=300  \\$axiii, 308 p. :$bill. ;$c25 cm.
=336  \\$atext$2rdacontent
=337  \\$aunmediated$2rdamedia
=338  \\$avolume$2rdacarrier
=490  1\$aSanta Fe Institute studies in the sciences of complexity
=500  \\$aFormerly CIP.$5Uk
=504  \\$aIncludes bibliographical references and index.
=650  \0$aInternet.
=650  \0$aSystem analysis.
=650  \0$aTelecommunication$xTraffic.
=700  1\$aPark, Kihong,$d1964-
=700  1\$aWillinger, Walter,$d1956-
=710  2\$aSanta Fe Institute (Santa Fe, N.M.)
=830  \0$aProceedings volume in the Santa Fe Institute studies in the sciences of complexity.
=852  11$aBritish Library$bSTI$k(B)$h004.678
=852  41$aBritish Library$bDSC
=CAT  \\$aBATCH$b00$c20050412$lBLL01$h1707
=CAT  \\$c20050412$lBLL01$h1708
=CAT  \\$c20050412$lBLL01$h1719
=CAT  \\$a8178$b40$c20050628$lBLL01$h1035
=CAT  \\$a6191$b40$c20050701$lBLL01$h1043
=CAT  \\$aWR16_021$c20160611$lBLL01$h1953
=CAT  \\$aBATCH-UPD$b00$c20160611$lBLL01$h2155
=FIN  \\$aY$d20050701.
=FMT  \\$a  BK
=LAS  \\$aBATCH-UPD$b00$c20160611$lBLL01$h2155

