=LDR  01494 am a2200457 a 4500
=001  013182591
=003  Uk
=005  20050425085320.0
=008  030416s2003\\\\waua\\\\\\\\\\001\0\eng\\
=010  \\$a2003051213
=015  \\$aGBA534905$2bnb
=016  7\$a013182591$2Uk
=020  \\$a0735619166 (pbk.) :$cNo price
=040  \\$aDLC$cDLC$dDLC$dUk
=042  \\$aukblsr
=050  00$aQA76.9.C55$bR32 2003
=082  00$a005.7585$222
=100  1\$aRabeler, Carl,$d1955-
=245  10$aMicrosoft SQL Server 2000 DTS step by step /$cCarl Rabeler.
=246  30$aSQL Server 2000 DTS step by step
=260  \\$aRedmond, Wash. ;$a[Great Britain] :$bMicrosoft Press,$c2003.
=300  \\$axi, 450 p. :$bill. ;$c23 cm. +$e1 CD-ROM (4 3/4 in.)
=336  \\$atext$2rdacontent
=337  \\$aunmediated$2rdamedia
=338  \\$avolume$2rdacarrier
=490  1\$aStep by step
=500  \\$aIncludes index.
=630  00$aSQL server.
=650  \0$aClient/server computing.
=830  \0$aStep by step (Redmond, Wash.)
=852  41$aBritish Library$bHMNTS
=852  11$aBritish Library$bSTI$k(B)$h005.7585$3Accompanying CD-ROM at (TB) 005.7585
=852  11$aBritish Library$bSTI$k(TB)$h005.7585
=CAT  \\$a12325$b40$c20050422$lBLL01$h0946
=CAT  \\$a12325$b40$c20050422$lBLL01$h0955
=CAT  \\$a6160$b40$c20050425$lBLL01$h0853
=CAT  \\$aWR16_021$c20160611$lBLL01$h1955
=FIN  \\$aY$d20050425
=FMT  \\$a  BK
=LAS  \\$aWR16_021$b00$c20160611$lBLL01$h1955
=SID  \\$aZ39$bLOC

