=LDR  01597 am a2200445 a 4500
=001  013247664
=003  Uk
=005  20050725100646.0
=006  m\\\\|\\\d\|\\\\\\
=007  co||||||||||||
=008  050707s2004\\\\stk||||\s||||\10|\0\eng\\
=015  \\$aGBA561544$2bnb
=020  \\$cNo price
=040  \\$aUk$beng$cUk
=042  \\$aukblsr
=082  04$a681.7665$222
=111  2\$aInternational North Sea Flow Measurement Workshop$n(22nd$d2004$cSt. Andrews, Scotland)
=245  10$a22nd International North Sea flow measurement workshop$h[electronic resource] :$bTuesday 26 - Friday 29 October 2004.
=260  \\$a[Glasgow :$bNEL,$c2004?].
=300  \\$a1 CD-ROM ;$c4 3/4 in.
=336  \\$atext$2rdacontent
=337  \\$acomputer$2rdamedia
=338  \\$acomputer disc$2rdacarrier
=500  \\$aTitle printed on CD-ROM.
=516  \\$aPDF format.
=538  \\$aSystem requirements: IBM compatible PC; Windows; Adobe Acrobat Reader.
=650  \0$aFlow meters$zNorth Sea$vCongresses.
=650  \0$aNatural gas$zNorth Sea$xMeasurement$vCongresses.
=650  \0$aPetroleum$zNorth Sea$xMeasurement$vCongresses.
=710  2\$aNational Engineering Laboratory (Great Britain)
=710  2\$aNorwegian Society for Oil and Gas Measurement.
=710  2\$aTekna (Organization)
=852  41$aBritish Library$bSTI
=852  11$aBritish Library$bSTI$k(TB)$h681.7665
=CAT  \\$a7750$b40$c20050707$lBLL01$h1126
=CAT  \\$a8141$b40$c20050720$lBLL01$h1249
=CAT  \\$a5194$b40$c20050725$lBLL01$h1006
=FIN  \\$aY$d20050720
=FMT  \\$a  BK
=LAS  \\$a5194$b40$c20050725$lBLL01$h1006

