=LDR  01829 am a2200409 a 4500
=001  013253783
=003  Uk
=005  20050808143304.0
=008  050718s2005\\\\gw\a\\\\\b\\\\000\0\ger\\
=040  \\$aUk$beng$cUk
=041  0\$ager$beng
=042  \\$aukblsr
=082  04$a595.34153091631$222
=100  1\$aFischer, Lutz.
=245  14$aDer Einfluss der Großen Meteorbank auf die Ernährungsbiologie und Verteilung dominanter Calanoida (Crustacea, Copepoda) =$bThe impact of the Great Meteor Seamount on the feeding biology and the distribution of dominant Calanoida (Crustacea, Copepoda) /$cLutz Fischer.
=260  \\$aBremerhaven :$bAlfred-Wegener-Institut für Polar- und Meeresforschung,$c[2005]
=300  \\$avi, 180 p. :$bill. ;$c24 cm.
=336  \\$atext$2rdacontent
=337  \\$aunmediated$2rdamedia
=338  \\$avolume$2rdacarrier
=490  1\$aBerichte zur Polar- und Meeresforschung =$aReports on polar and marine research,$x1618-3193 ;$v499
=500  \\$aOriginally a Ph.D thesis--Carl von Ossietzky Universitat, Oldenburg, 2004.
=546  \\$aText in German with summary in German and English.
=650  \0$aCalanoida$xFood$zGreat Meteor Seamount.
=650  \0$aCalanoida$zGreat Meteor Seamount$xGeographical distribution.
=710  2\$aAlfred-Wegener-Institut für Polar- und Meeresforschung.
=830  \0$aBerichte zur Polar- und Meeresforschung ;$v499.
=852  \\$aBritish Library$bDSC
=852  71$aBritish Library$bSTI$k(P)$hCA 714$i499$m-G(12)$2blsrissc
=CAT  \\$a8457$b40$c20050718$lBLL01$h0911
=CAT  \\$a12179$b40$c20050802$lBLL01$h0940
=CAT  \\$a9572$b40$c20050808$lBLL01$h1433
=CAT  \\$aBATCH-UPD$b40$c20120218$lBLL01$h1739
=CAT  \\$aBATCH-UPD$b40$c20160415$lBLL01$h2054
=FIN  \\$aY$d20050802
=FMT  \\$a  BK
=LAS  \\$aBATCH-UPD$b40$c20160415$lBLL01$h2054

