=LDR  01482 am a22004217a 4500
=001  013263747
=003  Uk
=005  20100602110457.0
=008  030718r20021961mauaf\\\\d\\\\000\0\eng\d
=010  \\$a2003272164  
=020  \\$a9780877792017
=020  \\$z0877792062 (imperial buckram)
=020  \\$a0877792011 (blue sturdite)
=020  \\$z087779202X (carrying case)
=035  \\$a(OCoLC)ocm50096038
=040  \\$aOMP$cOMP$dMIR$dOCLCQ$dDLC$dUk
=042  \\$aukblsr
=050  00$aPE1625$b.W36 2002
=082  00$a423$222
=245  00$aWebster's third new international dictionary of the English language, unabridged /$ceditor in chief, Philip Babcock Gove and the Merriam-Webster editorial staff.
=260  \\$aSpringfield, Mass. :$bMerriam-Webster,$cc1961$c(c2002 printing)
=300  \\$a144a, 2662 p., [2] p. of plates :$bill. (some col.) ;$c33 cm.
=336  \\$atext$2rdacontent
=337  \\$aunmediated$2rdamedia
=338  \\$avolume$2rdacarrier
=650  \0$aEnglish language$vDictionaries.
=700  1\$aGove, Philip Babcock,$d1902-1972.
=710  2\$aMerriam-Webster, Inc.
=852  11$aBritish Library$bSTI
=852  11$aBritish Library$bHMNTS$cSPHOA$kHLR$h423
=CAT  \\$a10883$b40$c20050801$lBLL01$h0941
=CAT  \\$a12179$b40$c20050801$lBLL01$h1042
=CAT  \\$a12179$b40$c20050801$lBLL01$h1045
=CAT  \\$a3563$b40$c20100602$lBLL01$h1104
=FIN  \\$aY$d20050801
=FMT  \\$a  BK
=LAS  \\$a3563$b40$c20100602$lBLL01$h1104
=SRC  \\$aBLL02

