=LDR  03782cas a22008657a 4500
=001  013272990
=003  Uk
=005  20221231211224.0
=007  ta
=008  880430d19181965enkmr\p\\\\\\\0\\\\0eng\d
=016  7\$a2984729R$2DNLM
=040  \\$aUk$beng$cUk$dUk
=060  00$aW1$bBR432
=245  04$aThe British food journal and hygienic review.
=260  \\$aLondon :$b[British Food Journal,$c1918-1965]
=300  \\$av.
=336  \\$atext$2rdacontent
=337  \\$aunmediated$2rdamedia
=338  \\$avolume$2rdacarrier
=362  0\$aVol. 20, no. 230 (Jan. 1918)-
=362  1\$aCeased in 1965.
=515  \\$aVol. 57-89 also numbered no. 669-941.
=540  \\$aCurrent Copyright Fee: GBP25.00$c0$5Uk
=550  \\$aOfficial organ of the International Commission on Adulteration.
=550  \\$aFrom vol. 12-vol. 16, no. 7, 1910-14, official journal of the International Commission on Adulteration ; from vol. 15, no. 5 - vol. 16, no. 7, 1913-14, of the Pure Food and Health Society of Great Britain.
=595  \\$aSEE 2300.8.
=650  \0$aFood adulteration and inspection$vPeriodicals.
=650  \2$aLegislation, Food$zGreat Britain$vPeriodicals.
=650  \2$aFood$zGreat Britain$vPeriodicals.
=710  2\$aInternational Commission on Adulteration.
=710  2\$aPure Food and Health Society of Great Britain.
=780  00$tBritish food journal
=785  00$tBritish food journal (1966)$x0007-070X
=852  49$aBritish Library$bDSC$3See shelfmark 2300.800000 for VOL. 1, 1899-
=852  71$aBritish Library$bSTI$k(P)$hHK 25$m-E(3)$2blsrissc$31918-1965 ; Vol.20-67
=ACF  \\$aPrevious Copyright Fee: GBP15.00$c0$e01-oct-2008$fGBP15.00$g0$hC$5Uk
=ACF  \\$aPrevious copyright fee: GBP10.50$c0$e01-jan-2011$fGBP10.50$g0$hA$5Uk
=ACF  \\$aPrevious copyright fee: GBP12.00$c0$e01-jan-2012$fGBP12.00$g0$hA$5Uk
=ACF  \\$aPrevious Copyright Fee: GBP12.30$c0$e01-jan-2014$fGBP12.30$g0$hA$5Uk
=ACF  \\$aPrevious Copyright Fee: GBP15.00$c0$e01-jan-2017$fGBP15.00$g0$hA$5Uk
=ACF  \\$aPrevious Copyright Fee: GBP17.50$c0$e01-jan-2018$fGBP17.50$g0$hA$5Uk
=ACF  \\$aPrevious Copyright Fee: GBP20.00$c0$e01-jan-2020$fGBP20.00$g0$hA$5Uk
=CAT  \\$a8874$b40$c20050815$lBLL01$h1438
=CAT  \\$a8874$b40$c20050815$lBLL01$h1439
=CAT  \\$a8874$b40$c20050815$lBLL01$h1445
=CAT  \\$a8874$b40$c20070416$lBLL01$h0836
=CAT  \\$aBATCH-CLA$b00$c20080829$lBLL01$h1829
=CAT  \\$aBATCH-UPD$b00$c20081001$lBLL01$h0011
=CAT  \\$aBATCH$b00$c20081001$lBLL01$h0128
=CAT  \\$aBATCH-UPD$b00$c20101201$lBLL01$h1250
=CAT  \\$aIPL-CLA$c20101231$lBLL01$h1516
=CAT  \\$aWR11_203$c20111204$lBLL01$h1509
=CAT  \\$aIPL-CLA$c20111230$lBLL01$h2022
=CAT  \\$aBATCH-CLA$b00$c20121109$lBLL01$h1728
=CAT  \\$a8323$b40$c20130116$lBLL01$h0902
=CAT  \\$aBATCH-CLA$c20131220$lBLL01$h2034
=CAT  \\$aIPL-CLA$c20131231$lBLL01$h2353
=CAT  \\$aBATCH-CLA$b00$c20161222$lBLL01$h1807
=CAT  \\$aIPL-CLA$c20161230$lBLL01$h2144
=CAT  \\$aBATCH-CLA$b00$c20171222$lBLL01$h2129
=CAT  \\$aIPL-CLA$c20171231$lBLL01$h1645
=CAT  \\$aBATCH-CLA$b00$c20191219$lBLL01$h1734
=CAT  \\$aIPL-CLA$c20191231$lBLL01$h1934
=CAT  \\$aR2001-1524$c20200127$lBLL01$h2013
=CAT  \\$aBATCH-CLA$b00$c20201204$lBLL01$h1536
=CAT  \\$aIPL-CLA$c20201231$lBLL01$h2203
=CAT  \\$aBATCH-CLA$b00$c20221221$lBLL01$h1844
=CAT  \\$aIPL-CLA$c20221231$lBLL01$h2112
=CFI  0\$aCurrent Copyright Fee: GBP25.00$c0$e01-jan-2023$fGBP25.00$g0$hA$5Uk
=CFI  2\$aPrevious Copyright Fee: GBP22.50$c0$e01-jan-2021$fGBP22.50$g0$hA$5Uk
=FIN  \\$aY$d20050815
=FMT  \\$a  SE
=LAS  \\$aIPL-CLA$b00$c20221231$lBLL01$h2112
=SID  \\$aZ39$bOCLC
=TCO  \\$aCLA$bCLA$c008

