=LDR  01599cam a2200421 i 4500
=001  013275963
=003  Uk
=005  20230622155133.0
=008  050818s2004\\\\br\\\\\\\\\\\\000\0\burr\
=040  \\$aUk$beng$cUk$dUk$erda
=082  04$a340.5809591$220
=100  0\$6880-01$aMra Cinʻ,$cŪʺ.
=245  10$6880-02$aMranʻ mā dhaleʹ thuṃʺ tamʻʺ upade /$cŪʺ Mra Cinʻ.
=250  \\$6880-03$aDassama ʼa krimʻ.
=264  \1$6880-04$aRanʻ kunʻ :$bGuṇʻ thūʺ Cā pe,$c2004.
=300  \\$a623 pages ;$c25 cm
=336  \\$atext$2rdacontent
=337  \\$aunmediated$2rdamedia
=338  \\$avolume$2rdacarrier
=500  \\$aBurmese customary law; with case law.
=504  \\$aIncludes bibliographical references.
=650  \7$aCustomary law.$2fast$0(OCoLC)fst00885510
=651  \7$aBurma.$2fast$0(OCoLC)fst01207835
=852  11$aBritish Library$bOC$cSPHOA$kOIJ$h340.58
=852  41$aBritish Library$bOC
=880  0\$6100-01$aမြစိန်,$cဦး.
=880  10$6245-02$aမြန်မာဓလေ့ထုံးတမ်းဥပဒေ /$cဦးမြစိန်.
=880  \\$6250-03$aဒဿမအကြိမ်.
=880  \1$6264-04$aရန်ကုန် :$bဂုဏ်ထူးစာပေ,$c2004.
=960  1\$aYangon
=CAT  \\$a10729$b40$c20050818$lBLL01$h1122
=CAT  \\$a1722$b40$c20071107$lBLL01$h1619
=CAT  \\$aBATCH-UPD$b40$c20110527$lBLL01$h2040
=CAT  \\$aS2303-1160$c20230622$lBLL01$h1555
=CAT  \\$aBATCH-UPD$b00$c20230622$lBLL01$h1704
=FIN  \\$aY$d20050818
=FMT  \\$a  BK
=LAS  \\$aBATCH-UPD$b00$c20230622$lBLL01$h1704

