=LDR  01569 am a2200421 a 4500
=001  013298274
=003  Uk
=005  20050930133417.0
=006  m\\\\|\\\d\|\\\\\\
=007  co|cg|||||||||
=008  050921s2005\\\\enk\\\\\s\\\\\100\0\eng\\
=015  \\$aGBA583240$2bnb
=020  \\$a0954199219 :$cNo price
=040  \\$aUk$beng$cUk
=042  \\$aukblsr
=082  04$a624.18923$222
=111  2\$aIGS UK Chapter National Geosynthetics Symposium$n(2nd :$d2005 :$cNottingham Trent University)
=245  10$aGeosynthetics in hydraulic engineering$h[electronic resource] :$bproceedings of the 2nd IGS UK Chapter National geosynthetics symposium, July 12th 2005 /$cedited by Neil Dixon ... [et al.].
=260  \\$a[Chorley] :$bInternational Geosynthetics Society,$c2005.
=300  \\$a1 CD-ROM :$bcol. ;$c4 3/4 in.
=336  \\$atext$2rdacontent
=337  \\$acomputer$2rdamedia
=338  \\$acomputer disc$2rdacarrier
=500  \\$aTitle from disc label.
=516  \\$aPDF format.
=538  \\$aSystem requirements: IBM compatible PC; Adobe Acrobat Reader.
=650  \0$aGeosynthetics$vCongresses.
=650  \0$aHydraulic engineering$vCongresses.
=700  1\$aDixon, N.,$cDr.
=710  2\$aInternational Geosynthetics Society.$bUK Chapter.
=852  41$aBritish Library$bSTI
=852  11$aBritish Library$bSTI$k(TB)$h624.18923
=CAT  \\$a10902$b40$c20050921$lBLL01$h1416
=CAT  \\$a7332$b40$c20050930$lBLL01$h1331
=CAT  \\$a7332$b40$c20050930$lBLL01$h1334
=FIN  \\$aY$d20050930
=FMT  \\$a  BK
=LAS  \\$a7332$b40$c20050930$lBLL01$h1334

