=LDR  01812 am a2200481 a 4500
=001  013341973
=003  Uk
=005  20071109131436.0
=008  050311s2005\\\\xxuac\\\\b\\\\001\0\eng\\
=010  \\$a  2005040899
=020  \\$a1584561629
=040  \\$aDLC$cDLC$dUk
=042  \\$aukblsr
=043  \\$an-us---
=050  00$aZ8035.35$b.P65 2005$aNE1112.A52
=082  00$a016.76992$222
=100  1\$aPomeroy, Jane R.
=245  10$aAlexander Anderson, 1775-1870 :$bwood engraver and illustrator : an annotated bibliography /$cJane R. Pomeroy.
=260  \\$a[United States] :$bAmerican Antiquarian Society in association with the New York Public Library,$c2005.
=300  \\$a3 v. (lxxxvi, 1699 p.) :$bill., ports. ;$c29 cm.
=336  \\$atext$2rdacontent
=337  \\$aunmediated$2rdamedia
=338  \\$avolume$2rdacarrier
=500  \\$aIn slip case.
=504  \\$aIncludes bibliographical references and indexes.
=505  0\$av. 1. Items 1-712 -- v. 2. Items 713-1569 -- v. 3. Items 1570-1332.
=600  10$aAnderson, Alexander,$d1775-1870$vBibliography.
=650  \0$aWood-engraving, American$y19th century$vBibliography.
=650  \0$aIllustration of books$zUnited States$xHistory$y19th century$vBibliography.
=700  1\$aAnderson, Alexander,$d1775-1870.
=710  2\$aAmerican Antiquarian Society.
=710  2\$aNew York Public Library.
=852  41$aBritish Library$bHMNTS
=852  41$aBritish Library$bHMNTS$cSPHOA$kRAR$h769.973$i3 v
=CAT  \\$a5703$b40$c20051122$lBLL01$h1349
=CAT  \\$a11250$b40$c20061213$lBLL01$h1215
=CAT  \\$a11250$b40$c20061213$lBLL01$h1219
=CAT  \\$a12316$b40$c20071109$lBLL01$h1303
=CAT  \\$a12316$b40$c20071109$lBLL01$h1314
=FIN  \\$aY$d20061213
=FMT  \\$a  BK
=LAS  \\$a12316$b40$c20071109$lBLL01$h1314
=SRC  \\$aBLL02

