=LDR  01550 am a22004217a 4500
=001  013433833
=003  Uk
=005  20060616174254.0
=008  060323s2006\\\\gw\a\\\\\b\\\\000\0\ger\\
=020  \\$a3183370212 (pbk.)
=040  \\$aUk$beng$cUk
=041  0\$ager$beng
=100  1\$aSteinbrink, Jörn.
=245  10$aKraftwirkungen in permanentmagneterregten Maschinen /$cJörn Steinbrink.
=246  18$aKräfte in permanentmagneterregten Maschinen
=260  \\$aDüsseldorf :$bVDI Verlag,$cc2006.
=300  \\$axiv, 126 p. :$bill. ;$c21 cm.
=336  \\$atext$2rdacontent
=337  \\$aunmediated$2rdamedia
=338  \\$avolume$2rdacarrier
=490  1\$aFortschritt-Berichte VDI. Reihe 21, Elektrotechnik,$x0178-9481 ;$vnr.370
=502  \\$aOriginally presented as the author's thesis--Universität Hannover.
=504  \\$aIncludes bibliographical references.
=546  \\$aText in German with English abstract.
=650  \0$aElectric machinery.
=650  \0$aElectromagnetism.
=650  \0$aElectromagnetic fields.
=830  \0$aFortschritt-Berichte VDI.$nReihe 21,$pElektrotechnik,$x0178-9481 ;$vnr.370
=852  \\$aBritish Library$bDSC
=852  71$aBritish Library$bSTI$k(P)$hRK 00$m-G(18)$2blsrissc
=CAT  \\$a6098$b40$c20060323$lBLL01$h1221
=CAT  \\$a11069$b40$c20060407$lBLL01$h1244
=CAT  \\$a6470$b40$c20060616$lBLL01$h1742
=CAT  \\$aBATCH$b00$c20091217$lBLL01$h0416
=CAT  \\$aBATCH$b00$c20100103$lBLL01$h1211
=FIN  \\$aY$d20060407
=FMT  \\$a  BK
=LAS  \\$aBATCH$b00$c20100103$lBLL01$h1211

