=LDR  02977cam a2200769 a 4500
=001  013480148
=003  Uk
=005  20230930110855.0
=008  060124s2006\\\\nju\\\\\\\\\\\001\0\eng\\
=015  \\$aGBA650847$2bnb
=016  7\$a013480148$2Uk
=020  \\$a9780691125459 (pbk.) :$cNo price
=020  \\$a0691125457 (pbk.) :$cNo price
=035  \\$a(IeDuTC)IeDuTCb14423777
=040  \\$aStDuBDS$dIeDuTC$dUk
=042  \\$aukscp
=082  04$a530.15$222
=245  00$aDiffusion, quantum theory, and radically elementary mathematics /$cedited by William G. Faris.
=260  \\$aPrinceton, N.J. ;$aWoodstock :$bPrinceton University Press,$c2006.
=300  \\$ax, 243 p. ;$c24 cm.
=336  \\$atext$2rdacontent
=337  \\$aunmediated$2rdamedia
=338  \\$avolume$2rdacarrier
=490  1\$aMathematical notes ;$v47
=500  \\$aFormerly CIP.$5Uk
=504  \\$aIncludes bibliographical references and index.
=540  \\$aCurrent Copyright Fee: GBP54.40$c0$5Uk
=600  10$aNelson, Edward,$d1932-
=650  \0$aMathematical physics.
=650  \0$aDiffusion.
=650  \0$aQuantum theory.
=700  1\$aFaris, William G.,$d1939-
=830  \0$aMathematical notes ;$v47
=852  41$aBritish Library$bDSC
=852  11$aBritish Library$bSTI$k(B)$h530.15$i47
=985  \\$aLDL record matched & merged
=ACF  \\$aPrevious Copyright Fee: GBP51.60$c0$e01-apr-2022$fGBP51.60$g0$hC$5Uk
=ACF  \\$aPrevious Copyright Fee: GBP54.20$c0$e01-jul-2022$fGBP54.20$g0$hC$5Uk
=ACF  \\$aPrevious Copyright Fee: GBP62.00$c0$e01-jan-2023$fGBP62.00$g0$hC$5Uk
=ACF  \\$aPrevious Copyright Fee: GBP57.20$c0$e01-apr-2023$fGBP57.20$g0$hC$5Uk
=CAT  \\$aBATCH-CIP$b00$c20060530$lBLL01$h1700
=CAT  \\$c20060530$lBLL01$h1703
=CAT  \\$c20060530$lBLL01$h1717
=CAT  \\$aBATCH-LDL$b00$c20061024$lBLL01$h0049
=CAT  \\$aBATCH$b00$c20061024$lBLL01$h0049
=CAT  \\$aBATCH-LDL$b00$c20061024$lBLL01$h0050
=CAT  \\$a9678$b40$c20070103$lBLL01$h1610
=CAT  \\$aBATCH$b00$c20091217$lBLL01$h0422
=CAT  \\$aBATCH$b00$c20100103$lBLL01$h1216
=CAT  \\$aWR16_021$c20160614$lBLL01$h1812
=CAT  \\$aBATCH-CLAB$c20220330$lBLL01$h1636
=CAT  \\$aIPL-CLA$c20220331$lBLL01$h2237
=CAT  \\$aBATCH-CLAB$c20220627$lBLL01$h2054
=CAT  \\$aIPL-CLA$c20220630$lBLL01$h1710
=CAT  \\$aBATCH-CLAB$c20221217$lBLL01$h1736
=CAT  \\$aIPL-CLA$c20221231$lBLL01$h2123
=CAT  \\$aBATCH-CLAB$c20230324$lBLL01$h1335
=CAT  \\$aIPL-CLA$c20230331$lBLL01$h1647
=CAT  \\$aBATCH-CLAB$c20230601$lBLL01$h1232
=CAT  \\$aIPL-CLA$c20230630$lBLL01$h1725
=CAT  \\$aBATCH-CLAB$c20230907$lBLL01$h1714
=CAT  \\$aIPL-CLA$c20230930$lBLL01$h1108
=CFI  0\$aCurrent Copyright Fee: GBP54.40$c0$e01-oct-2023$fGBP54.40$g0$hC$5Uk
=CFI  2\$aPrevious Copyright Fee: GBP56.20$c0$e01-jul-2023$fGBP56.20$g0$hC$5Uk
=FIN  \\$aY$d20070103
=FMT  \\$a  BK
=LAS  \\$aIPL-CLA$b00$c20230930$lBLL01$h1108

