=LDR  05472cas a2201141 a 4500
=001  013497993
=003  Uk
=005  20230210010457.0
=007  ta
=008  060626d20062012enkbr\p\\\\\\\0\\\a0eng\\
=015  \\$aGBA721844$2bnb
=022  0\$a1751-780X$202
=040  \\$aUk$beng$cUk
=042  \\$aukblsr$aissnuk
=082  04$a620.86$222
=222  \0$aHazardous area international$b(Print)
=245  00$aHazardous area international.
=246  17$aHazard area international
=260  \\$aTonbridge :$bIML Group,$c2006-2012.
=300  \\$av. :$bcol. ill., col. ports., col. maps ;$c28 cm.
=310  \\$aBi-monthly
=336  \\$atext$2rdacontent
=337  \\$aunmediated$2rdamedia
=338  \\$avolume$2rdacarrier
=362  0\$aVol. 1, issue 1 (Nov. 2006)-
=540  \\$aCurrent Copyright Fee: GBP25.00$c0$5Uk
=595  \\$aSee Card Index
=650  \0$aIndustrial safety$vPeriodicals.
=650  \0$aIndustrial safety$xEquipment and supplies$vPeriodicals.
=650  \0$aIndustrial safety equipment industry$vPeriodicals.
=650  \0$aExplosions$xPrevention$vPeriodicals.
=776  0\$tHazardous area international$c(Online)$x1751-7818
=852  \\$aBritish Library$bSTI
=852  11$aBritish Library$bSTI$k(P)$h620.86$m-E(1)$3Vol. 1, issue 1 (2006)-v. 6, issue 3 (2012)
=945  \\$aHazardous area international
=979  \\$aBritish Library$bDSC$j4274.394000N$xDSC Not Selected
=ACF  \\$aPrevious Copyright Fee: GBP12.00$c0$e01-apr-2012$fGBP12.00$g0$hC$5Uk
=ACF  \\$aPrevious Copyright Fee: GBP12.00$c0$e01-jan-2012$fGBP12.00$g0$hC$5Uk
=ACF  \\$aPrevious Copyright Fee: GBP10.50$c0$e01-oct-2011$fGBP10.50$g0$hC$5Uk
=ACF  \\$aPrevious Copyright Fee: GBP10.50$c0$e01-jul-2011$fGBP10.50$g0$hC$5Uk
=ACF  \\$aPrevious Copyright Fee: GBP10.50$c0$e01-apr-2011$fGBP10.50$g0$hC$5Uk
=ACF  \\$aPrevious Copyright Fee: GBP10.50$c0$e01-jan-2011$fGBP10.50$g0$hC$5Uk
=ACF  \\$aPrevious Copyright Fee: GBP9.00$c0$e01-oct-2010$fGBP9.00$g0$hC$5Uk
=ACF  \\$aPrevious Copyright Fee: GBP9.00$c0$e01-jul-2010$fGBP9.00$g0$hC$5Uk
=ACF  \\$aPrevious Copyright Fee: GBP9.00$c0$e01-apr-2010$fGBP9.00$g0$hC$5Uk
=ACF  \\$aPrevious Copyright Fee: GBP9.00$c0$e01-Jan-2010$fGBP9.00$g0$hC$5Uk
=ACF  \\$aPrevious Copyright Fee: GBP6.00$c0$e01-oct-2009$fGBP6.00$g0$hC$5Uk
=ACF  \\$aPrevious Copyright Fee: GBP6.00$c0$e01-jul-2009$fGBP6.00$g0$hC$5Uk
=ACF  \\$aPrevious Copyright Fee: GBP6.00$c0$e01-apr-2009$fGBP6.00$g0$hC$5Uk
=ACF  \\$aPrevious Copyright Fee: GBP6.00$c0$e01-jan-2009$fGBP6.00$g0$hC$5Uk
=ACF  \\$aPrevious Copyright Fee: GBP6.00$c0$e01-oct-2008$fGBP6.00$g0$hC$5Uk
=ACF  \\$aPrevious Copyright Fee: GBP6.00$c0$e01-jul-2008$fGBP6.00$g0$hC$5Uk
=ACF  \\$aPrevious Copyright Fee: GBP6.00$c0$e01-apr-2008$fGBP6.00$g0$hC$5Uk
=ACF  \\$aPrevious Copyright Fee: GBP6.00$c0$e01-jan-2008$fGBP6.00$g0$hC$5Uk
=ACF  \\$aPrevious Copyright Fee: GBP5.00$c0$e01-oct-2007$fGBP5.00$g0$hC$5Uk
=ACF  \\$aPrevious Copyright Fee: GBP5.00$c0$e09-aug-2007$fGBP5.00$g0$hA$5Uk
=ACF  \\$aPrevious Copyright Fee: GBP12.00$c0$e01-jul-2012$fGBP12.00$g0$hC$5Uk
=ACF  \\$aPrevious Copyright Fee: GBP12.00$c0$e01-oct-2012$fGBP12.00$g0$hC$5Uk
=ACF  \\$aPrevious Copyright Fee: GBP12.30$c0$e01-jan-2014$fGBP12.30$g0$hC$5Uk
=ACF  \\$aPrevious Copyright Fee: GBP15.00$c0$e01-jan-2017$fGBP15.00$g0$hC$5Uk
=ACF  \\$aPrevious Copyright Fee: GBP17.50$c0$e01-jan-2018$fGBP17.50$g0$hC$5Uk
=ACF  \\$aPrevious Copyright Fee: GBP20.00$c0$e01-jan-2020$fGBP20.00$g0$hC$5Uk
=ACF  \\$aPrevious Copyright Fee: GBP22.50$c0$e01-jan-2021$fGBP22.50$g0$hC$5Uk
=CAT  \\$a6537$b40$c20060626$lBLL01$h1056
=CAT  \\$aIPL-CLA$c20110930$lBLL01$h1550
=CAT  \\$aBATCH-CLA$b00$c20111130$lBLL01$h1208
=CAT  \\$aIPL-CLA$c20111230$lBLL01$h2025
=CAT  \\$aBATCH-CLA$b00$c20120229$lBLL01$h1617
=CAT  \\$aIPL-CLA$c20120330$lBLL01$h1437
=CAT  \\$aBATCH-CLA$b00$c20120531$lBLL01$h1713
=CAT  \\$aIPL-CLA$c20120629$lBLL01$h1036
=CAT  \\$aBATCH-CLA$b00$c20120831$lBLL01$h1534
=CAT  \\$aIPL-CLA$c20120930$lBLL01$h2125
=CAT  \\$aBATCH-CLA$b00$c20121109$lBLL01$h1726
=CAT  \\$aBATCH-CLA$b00$c20131129$lBLL01$h1648
=CAT  \\$aIPL-CLA$c20140101$lBLL01$h0005
=CAT  \\$a7778$b40$c20140117$lBLL01$h1332
=CAT  \\$aWR14_140$c20140905$lBLL01$h1812
=CAT  \\$aBATCH-CLA$b00$c20161130$lBLL01$h1633
=CAT  \\$aIPL-CLA$c20161230$lBLL01$h2158
=CAT  \\$a7778$b40$c20170309$lBLL01$h0707
=CAT  \\$aBATCH-CLA$b00$c20171130$lBLL01$h1710
=CAT  \\$aIPL-CLA$c20171231$lBLL01$h1655
=CAT  \\$aBATCH-CLA$b00$c20191129$lBLL01$h1620
=CAT  \\$aIPL-CLA$c20191231$lBLL01$h1940
=CAT  \\$aBATCH-CLA$b00$c20201126$lBLL01$h1415
=CAT  \\$aIPL-CLA$c20201231$lBLL01$h2211
=CAT  \\$aBATCH-CLA$b00$c20221130$lBLL01$h1451
=CAT  \\$aIPL-CLA$c20221231$lBLL01$h2124
=CAT  \\$aBATCH-CLA$b00$c20230209$lBLL01$h1538
=CAT  \\$aIPL-CLA$c20230210$lBLL01$h0104
=CFI  0\$aCurrent Copyright Fee: GBP25.00$c0$e09-feb-2023$fGBP25.00$g0$hC$5Uk
=CFI  2\$aBritish Library not licensed to copy$c0$e01-jan-2023$hC$iCFP Excluded$5Uk
=FIN  \\$aY$d20070320
=FMT  \\$a  SE
=LAS  \\$aIPL-CLA$b00$c20230210$lBLL01$h0104
=LKR  \\$aPAR$b013497991$lBLL01$r776$mHazardous area international (Print)$nHazardous area international (Online)
=TCO  \\$aCLA$bCLA$c008

