=LDR  01982 am a2200505 a 4500
=001  013506743
=003  Uk
=005  20060719150040.0
=008  060711s2005\\\\xxua\\\\\b\\\\101\0\eng\\
=040  \\$aUk$beng$cUk
=042  \\$aukblsr
=082  04$a620.136$222
=245  00$aWorkability of SCC :$broles of its constituents and measurement techniques /$c[editors, Caijun Shi, Kamal H. Khayat].
=260  \\$aFarmington Hills, Mich. :$bAmerican Concrete Institute,$cc2005.
=300  \\$aiii, 182 p. :$bill. ;$c28 cm.
=336  \\$atext$2rdacontent
=337  \\$aunmediated$2rdamedia
=338  \\$avolume$2rdacarrier
=490  1\$aSP ;$v233
=500  \\$a"Held at the ACI Spring Convention, April 17-20, 2005, New York, NY"
=500  \\$a"Printed from CD-ROM with permission by: Curran Associates, Inc., 57 Morehouse Lane, Red Hook, NY 12571, www.proceedings.com."
=504  \\$aIncludes bibliographical references and index.
=591  \\$aPapers. Held as part of the ACI Spring convention.
=650  \0$aConcrete$vCongresses.
=650  \0$aConcrete construction$vCongresses.
=653  1\$aSCC
=653  1\$aACI
=653  1\$aConcrete
=700  1\$aShi, Caijun.
=700  1\$aKhayat, Kamal.
=710  2\$aAmerican Concrete Institute.
=710  2\$aAmerican Concrete Institute.$bConvention$d(2005 :$cNew York, N.Y.)
=830  \0$aPublication SP ;$v233.
=852  \\$aBritish Library$bDSC
=852  11$aBritish Library$bSTI$k(B)$h620.136$i233
=945  \\$aACI special publications ; no 233 2005
=CAT  \\$a10775$b40$c20060711$lBLL01$h0920
=CAT  \\$a10775$b40$c20060711$lBLL01$h0939
=CAT  \\$a7196$b40$c20060717$lBLL01$h1105
=CAT  \\$a11250$b40$c20060719$lBLL01$h1459
=CAT  \\$a11250$b40$c20060719$lBLL01$h1500
=CNF  \\$aWorkability of SCC : roles of its constituents and measurement techniques (Technical session)$d(2005 Apr :$cNew York, NY)
=FIN  \\$aY$d20060717
=FMT  \\$a  BK
=LAS  \\$a11250$b40$c20060719$lBLL01$h1500

