=LDR  01391 am a2200397 a 4500
=001  013530558
=003  Uk
=005  20070820104715.0
=008  060814s2006\\\\enka\\\\\bu\\\000\0\eng\\
=015  \\$aGBA765415$2bnb
=020  \\$cNo price (unbound)
=040  \\$aUk$beng$cUk
=042  \\$aukblsr
=082  04$a025.3$222
=110  2\$aBritish Standards Institution.
=245  10$aInformation and documentation - Records management processes - Metadata for records.$nPart 1,$pPrinciples.
=260  \\$aLondon :$bBritish Standards Institution,$c2006.
=300  \\$av, 20 p. :$bill. ;$c30 cm.
=336  \\$atext$2rdacontent
=337  \\$aunmediated$2rdamedia
=338  \\$avolume$2rdacarrier
=490  1\$aBritish standard ;$vISO 23081-1:2006
=500  \\$aReference no. ISO 23081-1:2006(E).
=504  \\$aIncludes bibliographical references.
=650  \0$aMetadata.
=650  \0$aCataloging$xStandards.
=650  \0$aInformation organization$xStandards.
=650  \0$aMachine-readable bibliographic data formats$xStandards.
=810  2\$aBritish Standards Institution.$tBritish Standard.$vISO 23081-1:2006.
=852  41$aBritish Library$bHMNTS$cSPHOA$kHUR$h025
=852  41$aBritish Library$bHMNTS
=CAT  \\$a11375$b40$c20060814$lBLL01$h1632
=CAT  \\$a5447$b40$c20070820$lBLL01$h1047
=FIN  \\$aY$d20070820
=FMT  \\$a  BK
=LAS  \\$a5447$b40$c20070820$lBLL01$h1047

