=LDR  01491 am a2200397 a 4500
=001  013548990
=003  Uk
=005  20060919112357.0
=008  060907s1963\\\\enk\\\\\\\\\\\000\0\eng\\
=015  \\$aGBA677463$2bnb
=040  \\$aUk$beng$cUk
=042  \\$aukblsr
=082  04$a016.78149$222
=245  00$aBritish Broadcasting Corporation catalogue of music broadcast in serious music programmes on sound and television 1962 /$c[edited by] Harry Croft-Jackson , music programme organisation for Controller, Music BBC Music Division ; W. T. Blundell, catalogue compilation.
=260  \\$aLondon :$bBBC,$c1963.
=300  \\$a227 p. ;$c34 cm.
=336  \\$atext$2rdacontent
=337  \\$aunmediated$2rdamedia
=338  \\$avolume$2rdacarrier
=500  \\$aIncludes index.
=500  \\$aOn cover : BBC Music Division.
=610  24$aBritish Broadcasting Corporation.$bMusic Division$vCatalogs.
=650  \0$aClassical music$zGreat Britain$vCatalogs.
=700  1\$aCroft-Jackson, Harry
=700  1\$aBlundell, W. T.
=852  41$aBritish Library$bHMNTS
=852  41$aBritish Library$bHMNTS$cSPHOA$kHUS$h384.540941
=CAT  \\$a10896$b40$c20060907$lBLL01$h1116
=CAT  \\$a10896$b40$c20060907$lBLL01$h1130
=CAT  \\$a10896$b40$c20060908$lBLL01$h0929
=CAT  \\$a10896$b40$c20060908$lBLL01$h0959
=CAT  \\$a10896$b40$c20060908$lBLL01$h1033
=CAT  \\$a5194$b40$c20060919$lBLL01$h1123
=FIN  \\$aY$d20060907
=FMT  \\$a  BK
=LAS  \\$a5194$b40$c20060919$lBLL01$h1123

