=LDR  01628 am a2200433 a 4500
=001  013548992
=003  Uk
=005  20060919111855.0
=008  060907s1965\\\\enk\\\\\\\\\\\000\0\eng\\
=015  \\$aGBA677464$2bnb
=040  \\$aUk$beng$cUk
=042  \\$aukblsr
=082  04$a016.78149$222
=245  00$aBritish Broadcasting Corporation catalogue of music broadcast in serious music programmes on sound radio 1964 /$c[edited by] Harry Croft-Jackson , music programme organisation for Controller, Music BBC Music Division ; W. T. Blundell catalogue compilation.
=260  \\$aLondon :$bBBC,$c1965.
=300  \\$a237 p. ;$c34 cm.
=336  \\$atext$2rdacontent
=337  \\$aunmediated$2rdamedia
=338  \\$avolume$2rdacarrier
=500  \\$aIncludes index.
=500  \\$aOn cover : BBC Music Division.
=610  24$aBritish Broadcasting Corporation.$bMusic Division$vCatalogs.
=650  \0$aClassical music$zGreat Britain$vCatalogs.
=700  1\$aCroft-Jackson, Harry
=700  1\$aBlundell, W. T.
=852  41$aBritish Library$bHMNTS
=852  41$aBritish Library$bHMNTS$cSPHOA$kHUS$h384.540941
=CAT  \\$a10896$b40$c20060907$lBLL01$h1118
=CAT  \\$a10896$b40$c20060907$lBLL01$h1129
=CAT  \\$a10896$b40$c20060907$lBLL01$h1131
=CAT  \\$a10896$b40$c20060908$lBLL01$h0932
=CAT  \\$a10896$b40$c20060908$lBLL01$h0951
=CAT  \\$a10896$b40$c20060908$lBLL01$h0952
=CAT  \\$a10896$b40$c20060908$lBLL01$h1002
=CAT  \\$a10896$b40$c20060908$lBLL01$h1032
=CAT  \\$a5194$b40$c20060919$lBLL01$h1118
=FIN  \\$aY$d20060907
=FMT  \\$a  BK
=LAS  \\$a5194$b40$c20060919$lBLL01$h1118

