=LDR  01550 am a2200409 a 4500
=001  013549000
=003  Uk
=005  20060919112704.0
=008  060907s1966\\\\enk\\\\\\\\\\\000\0\eng\\
=015  \\$aGBA677468$2bnb
=040  \\$aUk$beng$cUk
=042  \\$aukblsr
=082  04$a016.78149$222
=245  00$aBritish Broadcasting Corporation music programme catalogue of music broadcast in 1965 /$cedited and published by Harry Croft-Jackson , music programme organisation for Controller, Music, BBC Music Division ; compilation and research by Roy L. Dawes, assisted by Bosa Kozulic.
=260  \\$aLondon :$bBBC Music Division,$c1966.
=300  \\$a206 , [4] p. ;$c34 cm.
=336  \\$atext$2rdacontent
=337  \\$aunmediated$2rdamedia
=338  \\$avolume$2rdacarrier
=500  \\$aIncludes index.
=500  \\$aOn cover : BBC Music Division.
=610  24$aBritish Broadcasting Corporation.$bMusic Division$vCatalogs.
=650  \0$aClassical music$zGreat Britain$vCatalogs.
=700  1\$aCroft-Jackson, Harry
=700  1\$aDawes, Roy L.
=700  1\$aKozulic, Bosa.
=852  41$aBritish Library$bHMNTS$cSPHOA$kHUS$h384.540941
=852  41$aBritish Library$bHMNTS
=CAT  \\$a10896$b40$c20060907$lBLL01$h1126
=CAT  \\$a10896$b40$c20060907$lBLL01$h1131
=CAT  \\$a10896$b40$c20060908$lBLL01$h0949
=CAT  \\$a10896$b40$c20060908$lBLL01$h1000
=CAT  \\$a10896$b40$c20060908$lBLL01$h1031
=CAT  \\$a5194$b40$c20060919$lBLL01$h1127
=FIN  \\$aY$d20060907
=FMT  \\$a  BK
=LAS  \\$a5194$b40$c20060919$lBLL01$h1127

