=LDR  01717 am a2200457 a 4500
=001  013549020
=003  Uk
=005  20060919112254.0
=008  060907s1968\\\\enka\\\\\b\\\\001\0\eng\\
=015  \\$aGBA677472$2bnb
=040  \\$aUk$beng$cUk
=042  \\$aukblsr
=082  04$a016.78149$222
=245  00$aBritish Broadcasting Corporation catalogue of music broadcast on Radio 3 and Radio 4 in 1967 /$cedited and published by Harry Croft-Jackson , music programme organisation for Controller, Music BBC Music Division; compilation by Roy L. Dawes and Jennifer J. Middleton.
=260  \\$aLondon :$bBBC,$c[1968].
=300  \\$a282 p. ;$c34 cm.
=336  \\$atext$2rdacontent
=337  \\$aunmediated$2rdamedia
=338  \\$avolume$2rdacarrier
=500  \\$aIncludes index.
=500  \\$aOn cover : BBC Music Division.
=610  24$aBritish Broadcasting Corporation.$bMusic Division$vCatalogs.
=610  20$aBBC Radio 3$vCatalogs.
=610  20$aBBC Radio 4$vCatalogs.
=650  \0$aClassical music$zGreat Britain$vCatalogs.
=700  1\$aCroft-Jackson, Harry.
=700  1\$aDawes, Roy L.
=700  1\$aMiddleton, Jennifer J.
=852  41$aBritish Library$bHMNTS$cSPHOA$kHUS$h384.540941
=852  41$aBritish Library$bHMNTS
=CAT  \\$a10896$b40$c20060907$lBLL01$h1138
=CAT  \\$a10896$b40$c20060907$lBLL01$h1140
=CAT  \\$a10896$b40$c20060907$lBLL01$h1142
=CAT  \\$a10896$b40$c20060907$lBLL01$h1143
=CAT  \\$a10896$b40$c20060908$lBLL01$h0926
=CAT  \\$a10896$b40$c20060908$lBLL01$h1030
=CAT  \\$a5194$b40$c20060919$lBLL01$h1122
=CAT  \\$aBATCH-UPD$b40$c20161203$lBLL01$h1717
=FIN  \\$aY$d20060907
=FMT  \\$a  BK
=LAS  \\$aBATCH-UPD$b40$c20161203$lBLL01$h1717

