=LDR  01626 am a2200445 a 4500
=001  013549487
=003  Uk
=005  20060919111039.0
=008  060908s1970\\\\enka\\\\\b\\\\001\0\eng\\
=015  \\$aGBA677521$2bnb
=040  \\$aUk$beng$cUk
=042  \\$aukblsr
=082  04$a016.78149$222
=245  00$aBritish Broadcasting Corporation catalogue of music broadcast on Radio 3 and Radio 4 in 1969 /$cedited and published by Harry Croft-Jackson , music programme organisation, Music BBC Music Division; [compilation by Roy L. Dawes and Joanne M. Abel].
=260  \\$aLondon :$bBBC,$c[1970].
=300  \\$a345 p. ;$c34 cm.
=336  \\$atext$2rdacontent
=337  \\$aunmediated$2rdamedia
=338  \\$avolume$2rdacarrier
=500  \\$aIncludes index.
=500  \\$aTitle from cover.
=500  \\$aOn cover : BBC Music Division.
=610  24$aBritish Broadcasting Corporation.$bMusic Division$vCatalogs.
=610  20$aBBC Radio 3$vCatalogs.
=610  20$aBBC Radio 4$vCatalogs.
=650  \0$aClassical music$zGreat Britain$vCatalogs.
=700  1\$aCroft-Jackson, Harry.
=700  1\$aDawes, Roy L.
=700  1\$aAbel, Joanne M.
=852  41$aBritish Library$bHMNTS
=852  41$aBritish Library$bHMNTS$cSPHOA$kHUS$h384.540941
=CAT  \\$a10896$b40$c20060908$lBLL01$h0850
=CAT  \\$a10896$b40$c20060908$lBLL01$h0924
=CAT  \\$a10896$b40$c20060908$lBLL01$h1010
=CAT  \\$a10896$b40$c20060908$lBLL01$h1024
=CAT  \\$a5194$b40$c20060919$lBLL01$h1110
=CAT  \\$aBATCH-UPD$b40$c20161203$lBLL01$h1717
=FIN  \\$aY$d20060908
=FMT  \\$a  BK
=LAS  \\$aBATCH-UPD$b40$c20161203$lBLL01$h1717

