=LDR  01615 am a2200457 a 4500
=001  013549492
=003  Uk
=005  20060919100455.0
=008  060908s1974\\\\enka\\\\\b\\\\001\0\eng\\
=015  \\$aGBA677523$2bnb
=040  \\$aUk$beng$cUk
=042  \\$aukblsr
=082  04$a016.78149$222
=245  00$aBritish Broadcasting Corporation catalogue of music broadcast on Radio 3 and Radio 4 in 1973 /$ccompilation and research by Roy L. Dawes and Myra Grimley ; edited and published by Lionel Salter.
=260  \\$aLondon :$bBBC,$c[1974].
=300  \\$a311 p. ;$c34 cm.
=336  \\$atext$2rdacontent
=337  \\$aunmediated$2rdamedia
=338  \\$avolume$2rdacarrier
=500  \\$aIncludes index.
=500  \\$aTitle from cover.
=500  \\$aOn cover : BBC Music Division.
=610  24$aBritish Broadcasting Corporation.$bMusic Division$vCatalogs.
=610  20$aBBC Radio 3$vCatalogs.
=610  20$aBBC Radio 4$vCatalogs.
=650  \0$aClassical music$zGreat Britain$vCatalogs.
=700  1\$aDawes, Roy L.
=700  1\$aGrimley, Myra.
=700  1\$aSalter, Lionel.
=852  41$aBritish Library$bHMNTS$cSPHOA$kHUS$h384.540941
=852  41$aBritish Library$bHMNTS
=CAT  \\$a10896$b40$c20060908$lBLL01$h0858
=CAT  \\$a10896$b40$c20060908$lBLL01$h0924
=CAT  \\$a10896$b40$c20060908$lBLL01$h1013
=CAT  \\$a10896$b40$c20060908$lBLL01$h1015
=CAT  \\$a10896$b40$c20060908$lBLL01$h1022
=CAT  \\$a5194$b40$c20060919$lBLL01$h1004
=CAT  \\$aBATCH-UPD$b40$c20150530$lBLL01$h1744
=FIN  \\$aY$d20060908
=FMT  \\$a  BK
=LAS  \\$aBATCH-UPD$b40$c20150530$lBLL01$h1744

