=LDR  01484 am a2200433 a 4500
=001  013549499
=003  Uk
=005  20060908102056.0
=008  060908s1975\\\\enk\\\\\\b\\\\001\0\eng\\
=015  \\$aGBA677525$2bnb
=040  \\$aUk$beng$cUk
=042  \\$aukblsr
=082  04$a016.78149$222
=245  00$aBritish Broadcasting Corporation catalogue of music broadcast on Radio 3 and Radio 4 in 1974 /$cresearched and compiled by Myra Grimley and Mary Wiegold ; edited by Stephen Plaistow.
=260  \\$aLondon :$bBBC,$c[1975].
=300  \\$a301 p. ;$c34 cm.
=336  \\$atext$2rdacontent
=337  \\$aunmediated$2rdamedia
=338  \\$avolume$2rdacarrier
=500  \\$aIncludes index.
=500  \\$aTitle from cover.
=610  20$aBBC Radio 3$vCatalogs.
=610  20$aBBC Radio 4$vCatalogs.
=650  \0$aClassical music$zGreat Britain$vCatalogs.
=700  1\$aGrimley, Myra.
=700  1\$aWiegold, Mary.
=700  1\$aPlaistow, Stephen.
=852  41$aBritish Library$bHMNTS
=852  41$aBritish Library$bHMNTS$cSPHOA$kHUS$h384.540941
=CAT  \\$a10896$b40$c20060908$lBLL01$h0907
=CAT  \\$a10896$b40$c20060908$lBLL01$h0912
=CAT  \\$a10896$b40$c20060908$lBLL01$h0922
=CAT  \\$a10896$b40$c20060908$lBLL01$h0924
=CAT  \\$a10896$b40$c20060908$lBLL01$h1015
=CAT  \\$a10896$b40$c20060908$lBLL01$h1020
=CAT  \\$aBATCH-UPD$b40$c20161203$lBLL01$h1717
=FIN  \\$aY$d20060908
=FMT  \\$a  BK
=LAS  \\$aBATCH-UPD$b40$c20161203$lBLL01$h1717

