=LDR  01312 am a2200385 a 4500
=001  013549510
=003  Uk
=005  20060908092348.0
=008  060908s1976\\\\enk\\\\\\b\\\\001\0\eng\\
=015  \\$aGBA677526$2bnb
=040  \\$aUk$beng$cUk
=042  \\$aukblsr
=082  04$a016.78149$222
=245  00$aBritish Broadcasting Corporation catalogue of music broadcast on Radio 3 in 1975 /$cresearched and compiled by Mary Wiegold and Caroline Wilkinson; edited by Stephen Plaistow.
=260  \\$aLondon :$bBBC,$c[1976].
=300  \\$a293 p. ;$c34 cm.
=336  \\$atext$2rdacontent
=337  \\$aunmediated$2rdamedia
=338  \\$avolume$2rdacarrier
=500  \\$aIncludes index.
=610  20$aBBC Radio 3$vCatalogs.
=650  \0$aClassical music$zGreat Britain$vCatalogs.
=700  1\$aWiegold, Mary.
=700  1\$aWilkinson, Caroline.
=700  1\$aPlaistow, Stephen.
=852  41$aBritish Library$bHMNTS
=852  41$aBritish Library$bHMNTS$cSPHOA$kHUS$h384.540941
=CAT  \\$a10896$b40$c20060908$lBLL01$h0916
=CAT  \\$a10896$b40$c20060908$lBLL01$h0918
=CAT  \\$a10896$b40$c20060908$lBLL01$h0919
=CAT  \\$a10896$b40$c20060908$lBLL01$h0923
=CAT  \\$aBATCH-UPD$b40$c20161203$lBLL01$h1717
=FIN  \\$aY$d20060908
=FMT  \\$a  BK
=LAS  \\$aBATCH-UPD$b40$c20161203$lBLL01$h1717

