=LDR  02164cam a2200553 a 4500
=001  013553708
=003  Uk
=005  20220331223946.0
=008  060825s2006\\\\gw\a\\\\\b\\\\001\0\eng\\
=010  \\$a2006931135
=015  \\$aGBA683060$2bnb
=020  \\$a9783540378976 (pbk.) :$cNo price
=020  \\$a3540378979 (pbk.) :$cNo price
=040  \\$aOHX$beng$cOHX$dUk
=042  \\$aukblsr
=072  \7$aQA$2lcco
=082  04$a510.285$222
=100  1\$aKohlhase, Michael.
=245  10$aOMDoc - an open markup format for mathematical documents [version 1.2] /$cMichael Kohlhase ; foreword by Alan Bundy.
=260  \\$aBerlin ;$a[London] :$bSpringer,$c2006.
=300  \\$axix, 428 p. :$bill. ;$c24 cm.
=336  \\$atext$2rdacontent
=337  \\$aunmediated$2rdamedia
=338  \\$avolume$2rdacarrier
=490  1\$aLecture notes in computer science. Lecture notes in artificial intelligence,$x0302-9743 ;$v4180
=504  \\$aIncludes bibliographical references and index.
=540  \\$aBritish Library not licensed to copy$c0$5Uk
=650  \0$aInformation storage and retrieval systems$xMathematics.
=650  \0$aMathematics$xData processing.
=830  \0$aLecture notes in computer science.$pLecture notes in artificial intelligence,$x0302-9743 ;$v4180
=852  71$aBritish Library$bSTI$k(P)$hPL 50$i4180$m-E(30)$2blsrissc
=852  \\$aBritish Library$bDSC
=CAT  \\$a6098$b40$c20060913$lBLL01$h1402
=CAT  \\$a6098$b40$c20060913$lBLL01$h1405
=CAT  \\$a11070$b40$c20060926$lBLL01$h1644
=CAT  \\$a11070$b40$c20060927$lBLL01$h1233
=CAT  \\$a10905$b40$c20060929$lBLL01$h1252
=CAT  \\$a10905$b40$c20060929$lBLL01$h1613
=CAT  \\$aBATCH$b00$c20091217$lBLL01$h0431
=CAT  \\$aBATCH$b00$c20100103$lBLL01$h1225
=CAT  \\$aW1707-0052$c20170703$lBLL01$h1849
=CAT  \\$aBATCH-CLAB$c20220330$lBLL01$h1741
=CAT  \\$aIPL-CLA$c20220331$lBLL01$h2239
=CAT  \\$aW2308-1659$c20230923$lBLL01$h0926
=CFI  0\$aBritish Library not licensed to copy$c0$e01-apr-2022$hC$iCFP Excluded$5Uk
=FIN  \\$aY$d20060926
=FMT  \\$a  BK
=LAS  \\$aW2308-1659$b00$c20230923$lBLL01$h0926
=SID  \\$aZ39$bOCLC

