=LDR  05234cas a22010577a 4500
=001  013555770
=003  Uk
=005  20230210010509.0
=007  ta
=008  060918d19781981xxubr\p\\\\\\\0\\\a0eng\\
=019  0\$as285512005
=022  0\$a0148-3927
=040  \\$aUk$beng$cUk
=084  \\$aGU 75$2blsrissc
=084  \\$aEX 26$2blsrissc
=245  00$aClinical and experimental hypertension.
=260  \\$aNew York :$bDekker,$c1978-1981
=300  \\$a3 v. :$c26 cm.
=336  \\$atext$2rdacontent
=337  \\$aunmediated$2rdamedia
=338  \\$avolume$2rdacarrier
=362  0\$aVol. 1, no. 1 (1978)-v. 3, no. 6 (1981)
=540  \\$aCurrent Copyright Fee: GBP45.00$c0$5Uk
=580  \\$aSplit into: Clinical and experimental hypertension. Part A, Theory and practice 0730-0077, and: Clinical and experimental hypertension. Part B, Hypertension in pregnancy 0730-0085
=650  \0$aHypertension$xChemotherapy$vCongresses.
=650  \0$aHypotensive agents$vCongresses.
=650  \0$aHypertension$vPeriodicals.
=650  \0$aHypotensive agents$vPeriodicals.
=785  01$tClinical and experimental hypertension. Part A, Theory and practice$x0730-0077
=785  01$tClinical and experimental hypertension. Part B, Hypertension in pregnancy$x0730-0085
=852  71$aBritish Library$bSTI$k(P)$hGU 75$m-E(2)$2blsrissc$3Vol. 1, no. 1 (1978)-v. 3, no. 6 (1981)***UKRR Retained Title
=852  49$aBritish Library$bDSC$3See shelfmark 3286.250500 for vol. 1 (1978)-Vol. 3, No. 6 (1981)
=ACF  \\$aPrevious Copyright Fee: GBP25.00$c0$e01-jul-2009$fGBP25.00$g0$hC$5Uk
=ACF  \\$aPrevious Copyright Fee: GBP25.00$c0$e01-apr-2009$fGBP25.00$g0$hC$5Uk
=ACF  \\$aPrevious Copyright Fee: GBP21.88$c0$e01-jan-2009$fGBP21.88$g0$hC$5Uk
=ACF  \\$aPrevious Copyright Fee: GBP17.50$c0$e01-oct-2008$fGBP17.50$g0$hC$5Uk
=ACF  \\$aPrevious Copyright Fee: GBP15.00$c0$e01-jul-2008$fGBP15.00$g0$hC$5Uk
=ACF  \\$aPrevious Copyright Fee: GBP15.00$c0$e01-apr-2008$fGBP15.00$g0$hC$5Uk
=ACF  \\$aPrevious Copyright Fee: GBP14.50$c0$e01-jan-2008$fGBP14.50$g0$hC$5Uk
=ACF  \\$aPrevious Copyright Fee: GBP14.50$c0$e01-oct-2007$fGBP14.50$g0$hC$5Uk
=ACF  \\$aPrevious Copyright Fee: GBP14.50$c0$e01-jul-2007$fGBP14.50$g0$hC$5Uk
=ACF  \\$aPrevious Copyright Fee: GBP14.87$c0$e01-apr-2007$fGBP14.87$g0$hC$5Uk
=ACF  \\$aPrevious Copyright Fee: GBP15.68$c0$e01-jan-2007$fGBP15.68$g0$hC$5Uk
=ACF  \\$aPrevious copyright fee: GBP10.50$c0$e01-jan-2011$fGBP10.50$g0$hA$5Uk
=ACF  \\$aBritish Library not licensed to copy$c0$e07-sep-2011$hC$iTX$5Uk
=ACF  \\$aBritish Library not licensed to copy$c0$e01-jan-2013$hC$iCFP Excluded$5Uk
=ACF  \\$aBritish Library not licensed to copy$c0$e01-apr-2013$hC$iCFP Excluded$5Uk
=ACF  \\$aBritish Library not licensed to copy$c0$e01-jul-2013$hC$iCFP Excluded$5Uk
=ACF  \\$aBritish Library not licensed to copy$c0$e01-oct-2013$hC$iCFP Excluded$5Uk
=ACF  \\$aBritish Library not licensed to copy$c0$e01-jan-2014$hC$iCFP Excluded$5Uk
=ACF  \\$aBritish Library not licensed to copy$c0$e01-apr-2014$hC$iCFP Excluded$5Uk
=ACF  \\$aBritish Library not licensed to copy$c0$e01-jul-2014$hC$iCFP Excluded$5Uk
=ACF  \\$aPrevious Copyright Fee: GBP34.00$c0$e01-jan-2015$fGBP34.00$g0$hC$5Uk
=ACF  \\$aPrevious Copyright Fee: GBP25.00$c0$e01-jan-2016$fGBP25.00$g0$hC$5Uk
=ACF  \\$aPrevious Copyright Fee: GBP45.00$c0$e01-apr-2021$fGBP45.00$g0$hC$5Uk
=CAT  \\$a8874$b40$c20060918$lBLL01$h1052
=CAT  \\$aBATCH-CLA$b00$c20121109$lBLL01$h1726
=CAT  \\$aBATCH-CLA$b00$c20121130$lBLL01$h1236
=CAT  \\$aIPL-CLA$c20121231$lBLL01$h1321
=CAT  \\$aIPL-CLA$c20130102$lBLL01$h1748
=CAT  \\$aBATCH-CLA$b00$c20130228$lBLL01$h1708
=CAT  \\$aIPL-CLA$c20130331$lBLL01$h1056
=CAT  \\$a540_fix$c20130403$lBLL01$h2015
=CAT  \\$aBATCH-CLA$b00$c20130531$lBLL01$h1642
=CAT  \\$aIPL-CLA$c20130701$lBLL01$h0101
=CAT  \\$aBATCH-CLA$b00$c20130830$lBLL01$h1625
=CAT  \\$aIPL-CLA$c20130930$lBLL01$h1748
=CAT  \\$aBATCH-CLA$b00$c20131129$lBLL01$h1652
=CAT  \\$aIPL-CLA$c20140101$lBLL01$h0008
=CAT  \\$aBATCH-CLA$b00$c20140228$lBLL01$h1613
=CAT  \\$aIPL-CLA$c20140331$lBLL01$h1629
=CAT  \\$aBATCH-CLA$b00$c20140530$lBLL01$h1708
=CAT  \\$aIPL-CLA$c20140630$lBLL01$h1729
=CAT  \\$aBATCH-CLA$b00$c20141128$lBLL01$h0929
=CAT  \\$aIPL-CLA$c20141231$lBLL01$h1654
=CAT  \\$aBATCH-CLA$b00$c20151127$lBLL01$h1629
=CAT  \\$aIPL-CLA$c20151231$lBLL01$h1924
=CAT  \\$aBATCH-CLA$b00$c20210227$lBLL01$h1013
=CAT  \\$aIPL-CLA$c20210331$lBLL01$h1846
=CAT  \\$aBATCH-CLA$b00$c20221130$lBLL01$h1447
=CAT  \\$aIPL-CLA$c20221231$lBLL01$h2127
=CAT  \\$aBATCH-CLA$b00$c20230209$lBLL01$h1534
=CAT  \\$aIPL-CLA$c20230210$lBLL01$h0105
=CFI  0\$aCurrent Copyright Fee: GBP45.00$c0$e09-feb-2023$fGBP45.00$g0$hC$5Uk
=CFI  2\$aBritish Library not licensed to copy$c0$e01-jan-2023$hC$iCFP Excluded$5Uk
=FIN  \\$aY$d20060918
=FMT  \\$a  SE
=LAS  \\$aIPL-CLA$b00$c20230210$lBLL01$h0105
=LEO  \\$aMP25.0000123683
=SRC  \\$aSRI01$bbibmp25.200404.2.aa
=TCO  \\$aTRS$bCCC$c008

