=LDR  01142 am a2200349 a 4500
=001  013555919
=003  Uk
=005  20060919094206.0
=008  060918s1977\\\\enk\\\\\\\\\\\000\0\eng\\
=015  \\$aGBA679625$2bnb
=040  \\$aUk$beng$cUk
=042  \\$aukblsr
=082  04$a016.78149$222
=245  00$aBritish Broadcasting Corporation catalogue of music broadcast on Radio 3 in 1976 /$cresearched and compiled by Jill Foulkes and Robert Manning.
=260  \\$aLondon :$bBBC,$c[1977].
=300  \\$a372 p. ;$c34 cm.
=336  \\$atext$2rdacontent
=337  \\$aunmediated$2rdamedia
=338  \\$avolume$2rdacarrier
=500  \\$aIncludes index.
=610  20$aBBC Radio 3$vCatalogs.
=650  \0$aClassical music$zGreat Britain$vCatalogs.
=700  1\$aFoulkes, Jill.
=700  1\$aManning, Robert.
=852  41$aBritish Library$bHMNTS
=852  41$aBritish Library$bHMNTS$cSPHOA$kHUS$h384.540941
=CAT  \\$a10896$b40$c20060918$lBLL01$h1154
=CAT  \\$a5194$b40$c20060919$lBLL01$h0942
=CAT  \\$aBATCH-UPD$b40$c20141223$lBLL01$h0736
=FIN  \\$aY$d20060918
=FMT  \\$a  BK
=LAS  \\$aBATCH-UPD$b40$c20141223$lBLL01$h0736

