=LDR  01260 am a2200337 a 4500
=001  013555925
=003  Uk
=005  20060919110108.0
=008  060918s1961\\\\enk\\\\\\\\\\\000\0\eng\\
=015  \\$aGBA679628$2bnb
=040  \\$aUk$beng$cUk
=042  \\$aukblsr
=082  04$a016.78149$222
=245  00$aBritish Broadcasting Corporation sound broadcasting : serious music on national wavelengths January 1 to December 31, 1960 and January 1 to June 30, 1961 /$c[edited by] Harry Croft-Jackson , music programme organisation for Controller, Music BBC Music Division.
=260  \\$aLondon :$bBBC,$c1961.
=300  \\$a147 p. ;$c34 cm.
=336  \\$atext$2rdacontent
=337  \\$aunmediated$2rdamedia
=338  \\$avolume$2rdacarrier
=500  \\$aIncludes index.
=610  24$aBritish Broadcasting Corporation.$bMusic Division$vCatalogs.
=650  \0$aClassical music$zGreat Britain$vCatalogs.
=700  1\$aCroft-Jackson, Harry
=852  41$aBritish Library$bHMNTS
=852  41$aBritish Library$bHMNTS$cSPHOA$kHUS$h384.540941
=CAT  \\$a10896$b40$c20060918$lBLL01$h1159
=CAT  \\$a10896$b40$c20060918$lBLL01$h1200
=CAT  \\$a5194$b40$c20060919$lBLL01$h1101
=FIN  \\$aY$d20060918
=FMT  \\$a  BK
=LAS  \\$a5194$b40$c20060919$lBLL01$h1101

