=LDR  01725 am a2200433 a 4500
=001  013555936
=003  Uk
=005  20130501142633.0
=008  060918s1967\\\\enk\\\\\\\\\\\000\0\eng\\
=040  \\$aUk$beng$cUk
=042  \\$aukblsr
=082  04$a016.78149$222
=245  00$aBritish Broadcasting Corporation Third Programme, Home Service, and Regional Home Services, catalogue of music broadcast in 1966 /$cedited and published by Harry Croft-Jackson , music programme organisation for Controller, Music, BBC Music Division ; compilation by Roy L. Dawes, assisted by Judith I. Johnson, [and] Christina M. Perren.
=260  \\$aLondon :$bBBC Music Division,$c[1967].
=300  \\$a188 , [7] p. ;$c34 cm.
=336  \\$atext$2rdacontent
=337  \\$aunmediated$2rdamedia
=338  \\$avolume$2rdacarrier
=500  \\$aIncludes index.
=500  \\$aOn cover : BBC Music Division.
=610  20$aBritish Broadcasting Corporation.$bMusic Division$vCatalogs.
=610  20$aBBC Radio 3$vCatalogs.
=650  \0$aClassical music$zGreat Britain$vCatalogs.
=700  1\$aCroft-Jackson, Harry.
=700  1\$aDawes, Roy L.
=700  1\$aJohnson, Judith I.
=700  1\$aPerren, Christina M.
=852  41$aBritish Library$bHMNTS
=852  41$aBritish Library$bHMNTS$cSPHOA$kHUS$h384.540941
=CAT  \\$a10896$b40$c20060918$lBLL01$h1207
=CAT  \\$a10896$b40$c20060918$lBLL01$h1208
=CAT  \\$a10896$b40$c20060918$lBLL01$h1209
=CAT  \\$a5194$b40$c20060919$lBLL01$h1100
=CAT  \\$aBATCH-UPD$b40$c20111202$lBLL01$h2008
=CAT  \\$a8874$b40$c20130501$lBLL01$h1426
=CAT  \\$aBATCH-UPD$b40$c20161203$lBLL01$h1717
=FIN  \\$aY$d20060907
=FMT  \\$a  BK
=LAS  \\$aBATCH-UPD$b40$c20161203$lBLL01$h1717

