=LDR  01331 am a2200373 a 4500
=001  013555945
=003  Uk
=005  20060921142750.0
=008  060918s1960\\\\enk\\\\\\\\\\\000\0\eng\\
=015  \\$aGBA679633$2bnb
=040  \\$aUk$beng$cUk
=042  \\$aukblsr
=082  04$a016.78149$222
=245  00$aLiturgical and other church music on commercial gramophone records :$b(record issues up to 29th February 1960) /$ccompiled by R. Angel.
=260  \\$aLondon :$bBBC Music Division,$c1960.
=300  \\$a238 , [30] p. ;$c34 cm.
=336  \\$atext$2rdacontent
=337  \\$aunmediated$2rdamedia
=338  \\$avolume$2rdacarrier
=500  \\$aIncludes index.
=500  \\$aAt head of title : British Broadcasting Corporation Gramophone Library
=610  24$aBritish Broadcasting Corporation.$bGramophone Library$vCatalogs.
=650  \0$aSacred vocal music$vCatalogs.
=700  1\$aAngel, R.
=852  41$aBritish Library$bHMNTS$cSPHOA$kHUS$h384.540941
=852  41$aBritish Library$bHMNTS
=CAT  \\$a10896$b40$c20060918$lBLL01$h1216
=CAT  \\$a10896$b40$c20060919$lBLL01$h0959
=CAT  \\$a10896$b40$c20060919$lBLL01$h1042
=CAT  \\$a8964$b40$c20060921$lBLL01$h1427
=CAT  \\$aBATCH-UPD$b40$c20060921$lBLL01$h1515
=FIN  \\$aY$d20060907
=FMT  \\$a  BK
=LAS  \\$aBATCH-UPD$b40$c20060921$lBLL01$h1515

