=LDR  02573cam a2200637 a 4500
=001  013561823
=003  Uk
=005  20220331223959.0
=008  060901s2006\\\\gw\a\\\\sb\\\\101\0\eng\d
=010  \\$a2006930417
=015  \\$aGBA683103$2bnb
=020  \\$a3540372156 :$cNo price
=020  \\$a9783540372158
=040  \\$aUk$beng$cUk
=042  \\$aukblsr
=082  04$a005.1$222
=111  2\$aInternational Symposium of Formal Methods Europe$n(14th :$d2006 :$cHamilton, Ont.)
=245  10$aFM 2006 :$bformal methods : 14th International Symposium on Formal Methods, Hamilton, Canada, August 21-27, 2006 : proceedings /$cJayadev Misra, Tobias Nipkow, Emil Sekerinski (eds.).
=246  30$a14th International Symposium on Formal Methods
=246  3\$aFourteenth International Symposium on Formal Methods
=246  30$aInternational Symposium on Formal Methods
=260  \\$aBerlin ;$aNew York :$bSpringer,$cc2006.
=300  \\$axv, 620 p. :$bill. ;$c24 cm.
=336  \\$atext$2rdacontent
=337  \\$aunmediated$2rdamedia
=338  \\$avolume$2rdacarrier
=490  1\$aLecture notes in computer science,$x0302-9743 ;$v4085
=500  \\$a"FME"--Cover.
=504  \\$aIncludes bibliographical references and index.
=540  \\$aBritish Library not licensed to copy$c0$5Uk
=591  \\$aPapers.
=650  \0$aComputer software$xDevelopment$vCongresses.
=650  \0$aFormal methods (Computer science)$vCongresses.
=650  \0$aSystem design$xMathematics$vCongresses.
=653  1\$aFM
=700  1\$aMisra, Jayadev.
=700  1\$aNipkow, Tobias,$d1958-
=700  1\$aSekerinski, E.$q(Emil),$d1963-
=830  \0$aLecture notes in computer science,$x0302-9743 ;$v4085
=852  71$aBritish Library$bSTI$k(P)$hPL 50$i4085$m-E(30)$2blsrissc
=852  \\$aBritish Library$bDSC
=945  \\$aLecture notes in computer science, ISSN 0302-9743 ; v 4085 2006
=CAT  \\$a6098$b40$c20060926$lBLL01$h1051
=CAT  \\$a6098$b40$c20060926$lBLL01$h1055
=CAT  \\$a8962$b40$c20061002$lBLL01$h1007
=CAT  \\$a8962$b40$c20061002$lBLL01$h1008
=CAT  \\$aBATCH$b00$c20091217$lBLL01$h0433
=CAT  \\$aBATCH$b00$c20100103$lBLL01$h1226
=CAT  \\$aBATCH-CLAB$c20220330$lBLL01$h1739
=CAT  \\$aIPL-CLA$c20220331$lBLL01$h2239
=CFI  0\$aBritish Library not licensed to copy$c0$e01-apr-2022$hC$iCFP Excluded$5Uk
=CNF  \\$aInternational Symposium of Formal Methods Europe$n(14th :$d2006 Aug :$cHamilton, Ont.)
=FIN  \\$aY$d20061002
=FMT  \\$a  BK
=LAS  \\$aIPL-CLA$b00$c20220331$lBLL01$h2239
=SID  \\$aZ39$bOCLC

