=LDR  01937cam a2200529 a 4500
=001  013562258
=003  Uk
=005  20220630171103.0
=008  060915s2006\\\\gw\a\\\\\b\\\\001\0\eng\\
=010  \\$a2006928433
=015  \\$aGBA682812$2bnb
=020  \\$a9783540317852 (cased) :$cNo price
=020  \\$a3540317856 (cased) :$cNo price
=040  \\$aUk$beng$cUk
=042  \\$aukblsr
=072  \7$aQC$2lcco
=082  04$a541.0421$222
=100  1\$aSirdeshmukh, D. B.$q(Dinker B.),$d1935-
=245  10$aMicro- and macro-properties of solids :$bthermal, mechanical and dielectric properties /$cD.B. Sirdeshmukh, L. Sirdeshmukh, K.G. Subhadra.
=260  \\$aBerlin ;$a[London] :$bSpringer,$c2006.
=300  \\$axvii, 403 p. :$bill. ;$c24 cm.
=336  \\$atext$2rdacontent
=337  \\$aunmediated$2rdamedia
=338  \\$avolume$2rdacarrier
=490  1\$aSpringer series in materials science,$x0933-033X ;$v80
=504  \\$aIncludes bibliographical references and index.
=540  \\$aBritish Library not licensed to copy$c0$5Uk
=650  \0$aSolids$xThermal properties.
=650  \0$aCrystal lattices.
=650  \0$aDielectrics.
=700  1\$aSirdeshmukh, L.$q(Lalitha),$d1935-
=700  1\$aSubhadra, K. G.,$d1947-
=830  \0$aSpringer series in materials science,$x0933-033X ;$v80
=852  11$aBritish Library$bSTI$k(B)$h541.0421$i80
=852  \\$aBritish Library$bDSC
=CAT  \\$a6098$b40$c20060926$lBLL01$h1600
=CAT  \\$a10905$b40$c20060927$lBLL01$h1412
=CAT  \\$aBATCH$b00$c20091217$lBLL01$h0433
=CAT  \\$aBATCH$b00$c20100103$lBLL01$h1226
=CAT  \\$aW1707-0052$c20170703$lBLL01$h1849
=CAT  \\$aBATCH-CLAB$c20220627$lBLL01$h2106
=CAT  \\$aIPL-CLA$c20220630$lBLL01$h1711
=CFI  0\$aBritish Library not licensed to copy$c0$e01-jul-2022$hC$iCFP Excluded$5Uk
=FIN  \\$aY$d20060927
=FMT  \\$a  BK
=LAS  \\$aIPL-CLA$b00$c20220630$lBLL01$h1711
=SID  \\$aZ39$bOCLC

