=LDR  02145aam a2200613 a 4500
=001  013569695
=003  Uk
=005  20090924220928.0
=008  080321s2009\\\\enkb\\\\\b\\\\001\0\eng\\
=010  \\$a2008012550  
=015  \\$aGBA8C2771$2bnb
=020  \\$a9780415365901 (hbk.) :$c£70.00
=020  \\$a0415365902 (hbk.) :$c£70.00
=020  \\$a9780415365918 (pbk. : alk. paper) :$cNo price
=020  \\$a0415365910 (pbk. : alk. paper) :$cNo price
=020  \\$a9780203018422 (ebook) :$cNo price
=020  \\$a0203018427 (ebook) :$cNo price
=040  \\$aStDuBDS$beng$cStDuBDS$dUk
=042  \\$aukblsr
=043  \\$ad------
=050  00$aD887$b.B73 2008
=082  00$a327.091724$222
=100  1\$aBraveboy-Wagner, Jacqueline Anne.
=245  10$aInstitutions of the global south /$cJacqueline Anne Braveboy-Wagner.
=260  \\$aLondon :$bRoutledge,$cc2009.
=300  \\$axx, 249 p. :$bmaps ;$c23 cm.
=336  \\$atext$2rdacontent
=337  \\$aunmediated$2rdamedia
=338  \\$avolume$2rdacarrier
=490  1\$aRoutledge global institutions ;$v29
=500  \\$aFormerly CIP.$5Uk
=504  \\$aIncludes bibliographical references and index.
=650  \0$aRegionalism.
=650  \0$aInternational cooperation.
=651  \0$aDeveloping countries$xForeign relations.
=651  \0$aDeveloping countries$xForeign economic relations.
=830  \0$aRoutledge global institutions ;$v29
=852  \\$aBritish Library$bDSC
=852  11$aBritish Library$bHMNTS$cSPHOA$kOPL$h327.09172
=BUF  \\$aN$d20081023
=CAT  \\$aBATCH-APP$b00$c20061005$lBLL01$h1350
=CAT  \\$aBATCH$b00$c20061005$lBLL01$h1351
=CAT  \\$aBATCH$b00$c20061005$lBLL01$h1356
=CAT  \\$aBATCH-CIP$b00$c20070220$lBLL01$h1702
=CAT  \\$aBATCH$b00$c20070220$lBLL01$h1703
=CAT  \\$a5512$b40$c20081023$lBLL01$h1642
=CAT  \\$a5512$b40$c20081023$lBLL01$h1655
=CAT  \\$aBATCH-BUOC$b00$c20090924$lBLL01$h2209
=CAT  \\$aBATCH$b00$c20090924$lBLL01$h2209
=FIN  \\$aY$d20081023
=FMT  \\$a  BK
=LAS  \\$aBATCH$b00$c20090924$lBLL01$h2209
=LCS  0\$aRoutledge global institutions ;$v29
=SRC  \\$aBLL02

