=LDR  01054 am a2200313 a 4500
=001  013575101
=003  Uk
=005  20061012121831.0
=008  061012s1915\\\\enkac\\\\k\\\\000\0\eng\\
=040  \\$aUk$beng$cUk
=042  \\$aukblsr
=082  00$a016.780266$222
=245  04$aThe catalogue of 'His Master's Voice' records up to and including September, 1915.
=246  1\$aBinders' title : H.M.V. 1915
=260  \\$aLondon :$bH.M.V.,$c1915.
=300  \\$a244 p. :$bill., ports. ;$c19 cm.
=336  \\$atext$2rdacontent
=337  \\$aunmediated$2rdamedia
=338  \\$avolume$2rdacarrier
=500  \\$aIncludes index.
=610  24$aHis Master's Voice (Sound recording label)$vCatalogs.
=650  \0$aRecord labels$zGreat Britain$y20th century$vCatalogs.
=710  2\$aHis Master's Voice (Sound recording label)
=852  41$aBritish Library$bHMNTS
=852  41$aBritish Library$bHMNTS$cSPHOA$kHUS$h780.266029441$mHMV
=CAT  \\$a10896$b40$c20061012$lBLL01$h1218
=FIN  \\$aY$d20061012
=FMT  \\$a  BK
=LAS  \\$a10896$b40$c20061012$lBLL01$h1218

