=LDR  00897 am a2200289 a 4500
=001  013575119
=003  Uk
=005  20061012123009.0
=008  061012s1914\\\\enkac\\\\b\\\\001\0\eng\\
=040  \\$aUk$beng$cUk
=042  \\$aukblsr
=082  04$a016.780266$222
=245  00$aVictor Records, May 1914.
=246  1\$aBInders' title : Victor 1914.
=260  \\$a[Camden, N.J.] :$bVictor,$c1914.
=300  \\$a1 v. ; :$bill., ports. ;$c19 cm.
=336  \\$atext$2rdacontent
=337  \\$aunmediated$2rdamedia
=338  \\$avolume$2rdacarrier
=610  24$aVictor Talking Machine Company$vCatalogs.
=650  \0$aPopular music$zUnited States$vDiscography$vCatalogs.
=852  41$aBritish Library$bHMNTS
=852  41$aBritish Library$bHMNTS$cSPHOA$kHUS$h780.266029473
=CAT  \\$a10896$b40$c20061012$lBLL01$h1230
=FIN  \\$aY$d20061012
=FMT  \\$a  BK
=LAS  \\$a10896$b40$c20061012$lBLL01$h1230

