=LDR  01035 am a2200313 a 4500
=001  013576642
=003  Uk
=005  20061016145805.0
=008  061016s1914\\\\gw\a\\\\\k\\\\000\0\ger\\
=040  \\$aUk$beng$cUk
=042  \\$aukblsr
=082  04$a016.780266943$222
=245  00$aGesamt-Verzeichnis der 29 cm , Pathé-Platten, 1914.
=246  1\$aBinders' title : Pathé German 1914
=260  \\$aBerlin :$bPathéphon-Haus Emil Pottien,$c1914.
=300  \\$axl, 172 p. :$bill. ;$c24 cm.
=336  \\$atext$2rdacontent
=337  \\$aunmediated$2rdamedia
=338  \\$avolume$2rdacarrier
=610  24$aPathé frères (France)$vCatalogs.
=650  \0$aSound recordings$vCatalogs$zGermany
=852  41$aBritish Library$bHMNTS
=852  41$aBritish Library$bHMNTS$cSPHOA$kHUS$h780.266029443$mPAT
=CAT  \\$a10896$b40$c20061016$lBLL01$h1215
=CAT  \\$a10896$b40$c20061016$lBLL01$h1458
=CAT  \\$aBATCH-UPD$b40$c20081214$lBLL01$h2254
=FIN  \\$aY$d20061216
=FMT  \\$a  BK
=LAS  \\$aBATCH-UPD$b40$c20081214$lBLL01$h2254

