=LDR  01025 am a2200313 a 4500
=001  013576802
=003  Uk
=005  20061016145736.0
=008  061016s1953\\\\gw\ac\\\\k\\\\000\0\ger\\
=040  \\$aUk$beng$cUk
=042  \\$aukblsr
=082  04$a016.780266943$222
=245  00$aDecca musikplatten hauptkatalog 1952/53 :$bNormal-und Lanspiel-Platten.
=260  \\$aBerlin :$bTeldec,$c1953.
=300  \\$axl, 161 p. :$bill. , ports. ;$c24 cm.
=336  \\$atext$2rdacontent
=337  \\$aunmediated$2rdamedia
=338  \\$avolume$2rdacarrier
=610  24$aDecca Record Company$vCatalogs.
=650  \0$aSound recordings$vCatalogs$zGermany
=852  41$aBritish Library$bHMNTS
=852  41$aBritish Library$bHMNTS$cSPHOA$kHUS$h780.266029443
=CAT  \\$a10896$b40$c20061016$lBLL01$h1411
=CAT  \\$a10896$b40$c20061016$lBLL01$h1457
=CAT  \\$a12179$b40$c20080213$lBLL01$h0923
=CAT  \\$aBATCH-UPD$b40$c20151021$lBLL01$h1842
=FIN  \\$aY$d20061216
=FMT  \\$a  BK
=LAS  \\$aBATCH-UPD$b40$c20151021$lBLL01$h1842

