=LDR  01159 am a2200337 a 4500
=001  013576831
=003  Uk
=005  20061016142639.0
=008  061016s1914\\\\enkac\\\\k\\\\000\0\eng\\
=040  \\$aUk$beng$cUk
=042  \\$aukblsr
=082  04$a016.780266$222
=245  00$aCatalogue of Zonophone double-sided records, 1913-14 [and 1917].
=246  1\$aBinders' title : Zono, 1913-14-17
=260  \\$a[London] :$bZonophone,$c1914.
=300  \\$a72 p. :$bill., ports. ;$c19 cm.
=336  \\$atext$2rdacontent
=337  \\$aunmediated$2rdamedia
=338  \\$avolume$2rdacarrier
=500  \\$a"Including October 1913 supplementary records - T.p.
=610  24$aZonophone Records$vCatalogs.
=610  24$aBritish Zonophone Company$vCatalogs.
=650  \0$aPopular music$zGreat Britain$y1901-1910$vCatalogs.
=650  \0$aOpera$zGreat Britain$y20th century$vCatalogs.
=852  41$aBritish Library$bHMNTS
=852  41$aBritish Library$bHMNTS$cSPHOA$kHUS$h780.266029441$mZON
=CAT  \\$a10896$b40$c20061016$lBLL01$h1424
=CAT  \\$a10896$b40$c20061016$lBLL01$h1426
=FIN  \\$aY$d20061016
=FMT  \\$a  BK
=LAS  \\$a10896$b40$c20061016$lBLL01$h1426

