=LDR  02166 am a2200529 a 4500
=001  013590728
=003  Uk
=005  20070329125917.0
=008  061027s2006\\\\enka\\\\\b\\\\101\0\eng\\
=015  \\$aGBA692943$2bnb
=016  7\$a013590728$2Uk
=020  \\$a9780080453644 (pbk.) :$c£75.00
=020  \\$a0080453643 (pbk.) :$c£75.00
=040  \\$aStDuBDS$beng$cStDuBDS$dUk
=042  \\$aukblsr
=082  04$a629.895$222
=111  2\$aIFAC International Conference on Fieldbus Systems and Their Applications.$n(6th :$d2005 :$cPuebla, Mexico)
=245  10$aFieldbus systems and their applications 2005 :$ba proceedings volume from the 6th IFAC International Conference, Puebla, Mexico, 14-25 November, 2005 /$cedited by Miguel León Chávez.
=260  \\$aOxford :$bElsevier for International Federation of Automatic Control,$c2006.
=300  \\$axi, 270 p. :$bill. ;$c30 cm.
=336  \\$atext$2rdacontent
=337  \\$aunmediated$2rdamedia
=338  \\$avolume$2rdacarrier
=500  \\$aFormerly CIP.$5Uk
=504  \\$aIncludes bibliographical references and index.
=591  \\$aPapers.
=650  \0$aIntelligent control systems$vCongresses.
=650  \0$aProcess control$vCongresses.
=650  \0$aIndustrial electronics$vCongresses.
=650  \0$aComputer networks$vCongresses.
=653  1\$aFieldbus systems
=700  1\$aChávez, Miguel León.
=710  2\$aInternational Federation of Automatic Control.
=852  41$aBritish Library$bDSC
=852  11$aBritish Library$bSTI$k(B)$h629.895
=945  \\$aFieldbus systems and their applications - IFAC conference ; no 6 2005
=CAT  \\$aBATCH-CIP$b00$c20061031$lBLL01$h1701
=CAT  \\$aBATCH$b00$c20061031$lBLL01$h1703
=CAT  \\$aBATCH$b00$c20061031$lBLL01$h1708
=CAT  \\$a9671$b40$c20070115$lBLL01$h0852
=CAT  \\$a11244$b40$c20070119$lBLL01$h1338
=CAT  \\$a8962$b40$c20070329$lBLL01$h1259
=CAT  \\$aWR16_021$c20160616$lBLL01$h1807
=CNF  \\$aIFAC International Conference on Fieldbus Systems and Their Applications.$n(6th :$d2005 Nov :$cPuebla, Mexico)
=FIN  \\$aY$d20070115
=FMT  \\$a  BK
=LAS  \\$aWR16_021$b00$c20160616$lBLL01$h1807

