=LDR  01872 as a22004697a 4500
=001  013594227
=003  Uk
=005  20061106142257.0
=007  ta
=008  061106d19741975enkar\p\\\\\\o0\\\a0eng\\
=022  0\$a0436-418X$202
=040  \\$aUk$beng$cUk
=042  \\$aissnuk
=084  \\$aDM 124$2blsrissc
=110  2\$aGleadthorpe Experimental Husbandry Farm.
=210  0\$aRep.$b(Gleadthorpe Exp. Husb. Farm : 1974)
=222  \0$aReport$b(Gleadthorpe Experimental Husbandry Farm : 1974)
=240  10$aReport (Gleadthorpe Experimental Husbandry Farm : 1974)
=245  00$aReport /$cGleadthorpe Experimental Husbandry Farm.
=260  \\$a[Mansfield] :$bAgricultural Development and Advisory Service, Ministry of Agriculture, Fisheries and Food,$c1974-1975.
=300  \\$av. ;$c21 cm.
=310  \\$aAnnual
=336  \\$atext$2rdacontent
=337  \\$aunmediated$2rdamedia
=338  \\$avolume$2rdacarrier
=362  0\$a1973-1974.
=650  \0$aAnimal nutrition$vPeriodicals.
=650  \0$aFeeds$vPeriodicals.
=650  \0$aAgriculture$xResearch$zEngland$vPeriodicals.
=710  1\$aGreat Britain.$bAgricultural Development and Advisory Service.
=780  00$aGleadthorpe Experimental Husbandry Farm.$sReport and guide (Gleadthorpe Experimental Husbandry Farm)
=785  00$aGleadthorpe Experimental Husbandry Farm.$sAnnual review (Gleadthorpe Experimental Husbandry Farm)$x0263-029X
=852  71$aBritish Library$bSTI$k(P)$hDM 124$m-E(62)$2blsrissc$31973-1974
=852  49$aBritish Library$bDSC$3See shelfmark 7491.400000 for 1961-1974
=CAT  \\$a8874$b40$c20061106$lBLL01$h1418
=CAT  \\$a8874$b40$c20061106$lBLL01$h1419
=CAT  \\$a8874$b40$c20061106$lBLL01$h1422
=CAT  \\$aBATCH-UPD$b40$c20180815$lBLL01$h1547
=FIN  \\$aY$d20061106
=FMT  \\$a  SE
=LAS  \\$aBATCH-UPD$b40$c20180815$lBLL01$h1547
=TCO  \\$aCLA$bCLA$c008

