=LDR  02572pam a2200601 a 4500
=001  013596236
=003  Uk
=005  20070322143701.0
=008  061102s2007\\\\ne\ab\\\\b\\\\101\0\eng\d
=015  \\$aGBA694512$2bnb
=016  7\$a013596236$2Uk
=020  \\$a9781402056420 (cased) :$c£92.50
=020  \\$a1402056427 (cased) :$c£92.50
=020  \\$a9781402056437 (pbk.) :$c£38.50
=020  \\$a1402056435 (pbk.) :$c£38.50
=020  \\$a9781402056444 (e-book) :$cNo price
=020  \\$a1402056443 (e-book) :$cNo price
=040  \\$aStDuBDS$beng$cStDuBDS$dUk
=042  \\$aukblsr
=082  04$a333.72$222
=111  2\$aNATO Advanced Research Workshop on Environmental Security and Public Safety - Problems and Needs in Conversion Policy and Research after 15 Years of Conversion in Central & Eastern Europe$d(2005 :$cCottbus, Germany)
=245  10$aEnvironmental security and public safety :$bproblems and needs in conversion policy and research after 15 years of conversion in Central and Eastern Europe /$cWolfgang Spyra, Michael Katzsch (eds.).
=260  \\$aDordrecht ;$aLondon :$bSpringer,$cc2007.
=300  \\$axiii, 205 p. :$bill., maps ;$c25 cm.
=336  \\$atext$2rdacontent
=337  \\$aunmediated$2rdamedia
=338  \\$avolume$2rdacarrier
=490  1\$aNATO security through science series. Series C, environmental security,$x1872-4668
=500  \\$aFormerly CIP.$5Uk
=504  \\$aIncludes bibliographical references and index.
=650  \0$aMilitary base conversion$xEnvironmental aspects$vCongresses.
=650  \0$aEnvironmental protection$vCongresses.
=650  \0$aAccidents$xPrevention$vCongresses.
=700  1\$aSpyra, Wolfgang.
=700  1\$aKatzsch, Michael.
=710  2\$aNorth Atlantic Treaty Organization.
=830  \0$aNATO security through science series.$pSeries C, environmental security,$x1872-4668
=852  \\$aBritish Library$bHMNTS
=852  11$aBritish Library$bSTI$k(B)$h333.72
=CAT  \\$aBATCH-CIP$b00$c20061107$lBLL01$h1701
=CAT  \\$aBATCH$b00$c20061107$lBLL01$h1702
=CAT  \\$aBATCH$b00$c20061107$lBLL01$h1707
=CAT  \\$a12664$b40$c20070316$lBLL01$h1158
=CAT  \\$a8178$b40$c20070316$lBLL01$h1222
=CAT  \\$a8178$b40$c20070316$lBLL01$h1224
=CAT  \\$a7143$b40$c20070321$lBLL01$h1624
=CAT  \\$a7196$b40$c20070322$lBLL01$h1437
=CAT  \\$aBATCH$b00$c20091217$lBLL01$h0437
=CAT  \\$aBATCH$b00$c20100103$lBLL01$h1231
=CAT  \\$aWR16_021$c20160616$lBLL01$h1808
=FIN  \\$aY$d20070321
=FMT  \\$a  BK
=LAS  \\$aWR16_021$b00$c20160616$lBLL01$h1808

