=LDR  01815 am a2200433 a 4500
=001  013680545
=003  Uk
=005  20070222171006.0
=008  061215s2005\\\\ne\\\\\\\c\\\\001\0\eng\\
=040  \\$aUk$beng$cUk
=082  04$a026.954$220
=082  04$a026.9591$220
=100  1\$aFarrington, Anthony.
=245  10$aDelineating British Burma.
=260  \\$a[Leiden] :$bIDC Publishers,$c2005.
=300  \\$a31 p. ;$c32 cm.
=336  \\$atext$2rdacontent
=337  \\$aunmediated$2rdamedia
=338  \\$avolume$2rdacarrier
=500  \\$a"British confidential and official print, c. 1826-1949".
=500  \\$aGuide to the microfiche collection on Burma, drawn from the Political and Secret Dept. (IOR: L/P&S), Military Dept. (IOR: L/MIL) and official monographs (V/27) series of the India Office Records, held by the Asia, Pacific and Africa Collections of the British Library. Editor: A.J. Farrington.
=500  \\$aIn ring binder.
=500  \\$aIncludes index.
=500  \\$aTitle from binder.
=610  10$aGreat Britain.$bIndia Office.$bMilitary Department$vCatalogs.
=610  10$aGreat Britain.$bIndia Office.$bPolitical and Secret Department$vCatalogs.
=610  20$aBritish Library.$bAsia, Pacific & Africa Collections$vCatalogs.
=651  \0$aBurma$vGazetteers$vBibliography$vCatalogs.
=651  \0$aBurma$xHistory$y1824-1948$vSources$vCatalogs.
=651  \0$aBurma$xPolitics and government$y1824-1948$vSources$vCatalogs.
=852  11$aBritish Library$bOC$cSPHOA$kOIR$h026.954
=852  41$aBritish Library$bOC
=985  \\$aRecord amended for WR# 13/070
=CAT  \\$a1722$b40$c20070222$lBLL01$h1702
=CAT  \\$a1722$b40$c20070222$lBLL01$h1710
=CAT  \\$aWR13_070$b00$c20130504$lBLL01$h0250
=FIN  \\$aY$d20070222
=FMT  \\$a  BK
=LAS  \\$aWR13_070$b00$c20130504$lBLL01$h0250

