=LDR  01056 as a22003137a 4500
=001  013713428
=003  Uk
=005  20070416082849.0
=007  ta
=008  070416d19021917enkuu\\\\\\\\\0\\\a0eng\\
=040  \\$aUk$beng$cUk
=245  04$aThe British food journal.
=260  \\$a[London :$bWightman & Co.,$c1902-1917]
=300  \\$av.
=336  \\$atext$2rdacontent
=337  \\$aunmediated$2rdamedia
=338  \\$avolume$2rdacarrier
=362  0\$aVol. 4 (Jan. 1902)-v. 19 (Dec. 1917).
=650  \0$aFood adulteration and inspection$vPeriodicals.
=710  2\$aInternational Commission on Adulteration.
=780  00$tBritish food journal and analytical review
=785  00$tBritish food journal and hygienic review
=852  49$aBritish Library$bDSC$3See shelfmark 2300.800000 for VOL. 1, 1899-
=852  71$aBritish Library$bSTI$k(P)$hHK 25$m-E(3)$2blsrissc$3Vol.12 (1910)-v. 19 (Dec. 1917)
=CAT  \\$a8874$b40$c20070416$lBLL01$h0828
=FIN  \\$aY$d20070416
=FMT  \\$a  SE
=LAS  \\$a8874$b40$c20070416$lBLL01$h0828
=TCO  \\$aCLA$bCLA$c008

