=LDR  02431cam a2200709 a 4500
=001  010980526
=003  Uk
=005  20230331162735.0
=008  030715s2005\\\\xxua\\\\\b\\\\001\0\eng\\
=010  \\$a2004051957
=015  \\$aGBA3V4590$2bnb
=016  7\$a010980526$2Uk
=019  y\$abA3V4590
=019  9\$a0415308496
=019  g\$aadv5004891249
=019  a\$aG07910968
=020  \\$a0415308496 :$c£75.00
=039  0\$a2754
=040  \\$aStDuBDS$dUk
=042  \\$aukblsr
=082  04$a535.420151$222
=100  1\$aSumbatyan, Mezhlum A.
=245  10$aEquations of mathematical diffraction theory /$cMezhlum A. Sumbatyan, Antonio Scalia.
=260  \\$aBoca Raton, Fla. ;$aLondon :$bChapman & Hall/CRC,$cc2005.
=300  \\$axiii, 291 p. :$bill. ;$c27 cm.
=336  \\$atext$2rdacontent
=337  \\$aunmediated$2rdamedia
=338  \\$avolume$2rdacarrier
=490  1\$aDifferential and integral equations and their applications ;$vv. 5
=500  \\$aFormerly CIP.$5Uk
=504  \\$aIncludes bibliographical references and index.
=540  \\$aCurrent Copyright Fee: GBP34.00$c0$5Uk
=650  \0$aDiffraction$xMathematics.
=700  1\$aScalia, A.
=830  \0$aDifferential and integral equations and their applications ;$vv. 5.
=852  11$aBritish Library$bSTI$k(B)$h535.42
=852  41$aBritish Library$bDSC
=966  \\$uo$lACQUIS 03/09/2003
=CAT  \\$aCONV$b00$c20040425$lBLL90$h0534
=CAT  \\$aCONV$b00$c20040502$lBLL01$h1419
=CAT  \\$a9657$b40$c20041025$lBLL01$h0949
=CAT  \\$a11280$b40$c20041026$lBLL01$h1354
=CAT  \\$aglobal_upd$b40$c20060417$lBLL01$h1138
=CAT  \\$aBATCH$b00$c20091122$lBLL01$h1629
=CAT  \\$aBATCH$b00$c20091210$lBLL01$h0353
=CAT  \\$aBATCH$b00$c20091214$lBLL01$h0556
=CAT  \\$aBATCH$b00$c20091216$lBLL01$h0150
=CAT  \\$aBATCH$b00$c20100103$lBLL01$h1149
=CAT  \\$aWR16_021$c20160609$lBLL01$h1957
=CAT  \\$aBATCH-UPD$b00$c20160609$lBLL01$h2137
=CAT  \\$aBATCH-CLAB$c20230324$lBLL01$h1326
=CAT  \\$aIPL-CLA$c20230331$lBLL01$h1627
=CFI  0\$aCurrent Copyright Fee: GBP34.00$c0$e01-apr-2023$fGBP34.00$g0$hC$5Uk
=FIN  \\$aY
=FMT  \\$a  BK
=LAS  \\$aIPL-CLA$b00$c20230331$lBLL01$h1627
=LDO  \\$aCIP
=LEO  \\$aMP5.0000144659
=LEO  \\$aMP8.0001883342
=SRC  \\$aLDS01$bbiblm.200404.2.aa
=SRC  \\$aBNB03$bbibmp5.200404.2.aa
=SRC  \\$aDSC01$bbibmp8.200404.2.ac

