=LDR  06047 as a2201345 a 4500
=001  010998351
=003  Uk
=005  20210331183838.0
=006  aab\\|||||||||||||
=007  ta
=008  810219d19801983enkar\p\\\\\\\0\\\a0eng\\
=015  \\$aGB8106923$2bnb
=019  c\$a2185178
=019  y\$aB8106923
=019  9\$ab8106923
=019  0\$as523421001
=022  0\$a0260-7298$202
=039  0\$a1626
=040  \\$aUk$cUk$dUk
=042  \\$aissnuk
=043  \\$ae-uk---
=050  00$aZ5862
=082  04$a016.363730941$219
=084  \\$aSP 22$2blsrissc
=210  0\$aDig. environ. pollut. water stat.
=222  \0$aDigest of environmental pollution and water statistics
=245  00$aDigest of environmental pollution and water statistics /$cDepartment of the Environment.
=260  \\$aLondon :$bH.M.S.O.,$c1980-
=300  \\$av. :$bill., maps ;$c30 cm.
=310  \\$aAnnual
=336  \\$atext$2rdacontent
=337  \\$aunmediated$2rdamedia
=338  \\$avolume$2rdacarrier
=362  0\$aNo. 3 (1980)-
=500  \\$aCompiled by the Department of the Environment.
=500  \\$aPublished for the Government Statistical Service.
=500  \\$aAlso designated "Pollution report" no. 9, 13, 16.
=540  \\$aCurrent Copyright Fee: GBP0.00$c0$5Uk
=580  \\$aMerger of: Digest of environmental pollution statistics; and, Water data (London)
=650  \0$aPollution$zGreat Britain$vBibliography.
=710  1\$aGreat Britain.$bDepartment of the Environment.
=780  14$aWater data (London)
=780  14$tDigest of environmental pollution statistics$x0144-4905
=785  00$tDigest of environmental protection and water statistics$x0950-6829
=852  49$aBritish Library$bDSC$3See shelfmark 6544.296600.
=852  71$aBritish Library$bSTI$k(P)$hSP 22$m-E(1)$2blsrissc$31980-1983; No.3, 1980 - no.5, 1982.
=963  \\$aNO. 3, 1980- 5, 1982 *A=1$bY$cOP.1100.242.095
=985  \\$aRecord amended for WR# 13/070
=985  \\$aRecord merged by DQ team
=ACF  \\$aPrevious Copyright Fee: GBP12.00$c0$e01-apr-2012$fGBP12.00$g0$hC$5Uk
=ACF  \\$aPrevious Copyright Fee: GBP12.00$c0$e01-jan-2012$fGBP12.00$g0$hC$5Uk
=ACF  \\$aPrevious Copyright Fee: GBP10.50$c0$e01-oct-2011$fGBP10.50$g0$hC$5Uk
=ACF  \\$aPrevious Copyright Fee: GBP10.50$c0$e01-jul-2011$fGBP10.50$g0$hC$5Uk
=ACF  \\$aPrevious Copyright Fee: GBP10.50$c0$e01-apr-2011$fGBP10.50$g0$hC$5Uk
=ACF  \\$aPrevious Copyright Fee: GBP10.50$c0$e01-jan-2011$fGBP10.50$g0$hC$5Uk
=ACF  \\$aPrevious Copyright Fee: GBP9.00$c0$e01-oct-2010$fGBP9.00$g0$hC$5Uk
=ACF  \\$aPrevious Copyright Fee: GBP9.00$c0$e01-jul-2010$fGBP9.00$g0$hC$5Uk
=ACF  \\$aPrevious Copyright Fee: GBP9.00$c0$e01-apr-2010$fGBP9.00$g0$hC$5Uk
=ACF  \\$aPrevious Copyright Fee: GBP9.00$c0$e01-Jan-2010$fGBP9.00$g0$hC$5Uk
=ACF  \\$aPrevious Copyright Fee: GBP6.00$c0$e01-oct-2009$fGBP6.00$g0$hC$5Uk
=ACF  \\$aPrevious Copyright Fee: GBP6.00$c0$e01-jul-2009$fGBP6.00$g0$hC$5Uk
=ACF  \\$aPrevious Copyright Fee: GBP6.00$c0$e01-apr-2009$fGBP6.00$g0$hC$5Uk
=ACF  \\$aPrevious Copyright Fee: GBP6.00$c0$e01-jan-2009$fGBP6.00$g0$hC$5Uk
=ACF  \\$aPrevious Copyright Fee: GBP6.00$c0$e01-oct-2008$fGBP6.00$g0$hC$5Uk
=ACF  \\$aPrevious Copyright Fee: GBP6.00$c0$e01-jul-2008$fGBP6.00$g0$hC$5Uk
=ACF  \\$aPrevious Copyright Fee: GBP6.00$c0$e01-apr-2008$fGBP6.00$g0$hC$5Uk
=ACF  \\$aPrevious Copyright Fee: GBP6.00$c0$e01-jan-2008$fGBP6.00$g0$hC$5Uk
=ACF  \\$aPrevious Copyright Fee: GBP5.00$c0$e01-oct-2007$fGBP5.00$g0$hC$5Uk
=ACF  \\$aPrevious Copyright Fee: GBP12.00$c0$e01-jul-2012$fGBP12.00$g0$hC$5Uk
=ACF  \\$aPrevious Copyright Fee: GBP12.00$c0$e01-oct-2012$fGBP12.00$g0$hC$5Uk
=ACF  \\$aPrevious Copyright Fee: GBP12.30$c0$e01-jan-2014$fGBP12.30$g0$hC$5Uk
=ACF  \\$aPrevious Copyright Fee: GBP15.00$c0$e01-jan-2017$fGBP15.00$g0$hC$5Uk
=ACF  \\$aPrevious Copyright Fee: GBP17.50$c0$e01-jan-2018$fGBP17.50$g0$hC$5Uk
=ACF  \\$aPrevious Copyright Fee: GBP20.00$c0$e01-jan-2020$fGBP20.00$g0$hC$5Uk
=CAT  \\$aWR09-126
=CAT  \\$aIPL-CLA$c20110930$lBLL01$h1532
=CAT  \\$aBATCH-CLA$b00$c20111130$lBLL01$h1207
=CAT  \\$aIPL-CLA$c20111230$lBLL01$h1900
=CAT  \\$aBATCH-CLA$b00$c20120229$lBLL01$h1607
=CAT  \\$aIPL-CLA$c20120330$lBLL01$h1419
=CAT  \\$aBATCH-CLA$b00$c20120531$lBLL01$h1714
=CAT  \\$aIPL-CLA$c20120629$lBLL01$h1017
=CAT  \\$aBATCH-CLA$b00$c20120831$lBLL01$h1525
=CAT  \\$aIPL-CLA$c20120930$lBLL01$h2050
=CAT  \\$aBATCH-CLA$b00$c20121107$lBLL01$h1915
=CAT  \\$aWR13_070$b00$c20130504$lBLL01$h0217
=CAT  \\$aWR13_070C$c20130611$lBLL01$h1850
=CAT  \\$aBATCH-CLA$b00$c20131129$lBLL01$h1637
=CAT  \\$aIPL-CLA$c20131231$lBLL01$h2145
=CAT  \\$aWR14_140$c20140905$lBLL01$h1745
=CAT  \\$aBATCH-CLA$b00$c20161130$lBLL01$h1642
=CAT  \\$aIPL-CLA$c20161230$lBLL01$h1956
=CAT  \\$aBATCH-CLA$b00$c20171130$lBLL01$h1705
=CAT  \\$aIPL-CLA$c20171231$lBLL01$h1527
=CAT  \\$aBATCH-CLA$b00$c20191129$lBLL01$h1617
=CAT  \\$aIPL-CLA$c20191231$lBLL01$h1837
=CAT  \\$aBATCH-CLA$b00$c20201126$lBLL01$h1415
=CAT  \\$aIPL-CLA$c20201231$lBLL01$h2050
=CAT  \\$aBATCH-CLA$b00$c20210227$lBLL01$h1014
=CAT  \\$aIPL-CLA$c20210331$lBLL01$h1838
=CFI  0\$aCurrent Copyright Fee: GBP0.00$c0$e01-apr-2021$fGBP0.00$g0$hC$5Uk
=CFI  2\$aPrevious Copyright Fee: GBP22.50$c0$e01-jan-2021$fGBP22.50$g0$hC$5Uk
=FIN  \\$aY
=FMT  \\$a  SE
=LAS  \\$aIPL-CLA$b00$c20210331$lBLL01$h1838
=LEO  \\$aMP10.0000187970
=LEO  \\$aMP5.0000513315
=LEO  \\$aMP22.0000008725
=LEO  \\$aMP25.0000214503
=LKR  \\$aPAR$b012772631$lBLL01$nDigest of environmental protec$mDigest of environmental pollut$r78500
=SRC  \\$aDSS01$bbibmp10.200404.2.aa
=SRC  \\$aBNB03$bbibmp5.200404.2.aa
=SRC  \\$aISN01$bbibmp22.200404.2.aa
=SRC  \\$aSRI01$bbibmp25.200404.2.aa
=TCO  \\$aCLA$bCLA$c008

