=LDR  06656cas a2201393 a 4500
=001  011000657
=003  Uk
=005  20230210005523.0
=006  aac\\|||||||||||||
=007  ta
=008  811007d19811991enkmr\p\\\\\\\0\\\a0eng\\
=015  \\$aGB8206165$2bnb
=019  y\$aB8206165
=019  9\$ab8206165
=022  0\$a0260-6518$202
=039  0\$a1677
=040  \\$aUk$cUk$dUk
=042  \\$aissnuk
=050  00$aHD9850.1
=082  04$a338.47677005$221
=084  \\$aML 00$2blsrissc
=130  0\$aTextile horizons (1981)
=210  0\$aText. horiz.$b(1981)
=222  \0$aTextile horizons$b(1981)
=245  10$aTextile horizons :$bthe international magazine of the Textile Institute.
=260  \\$aManchester :$bThe Institute,$c1981-
=300  \\$av. :$bill., ports. ;$c30 cm.
=310  \\$aMonthly
=336  \\$atext$2rdacontent
=337  \\$aunmediated$2rdamedia
=338  \\$avolume$2rdacarrier
=362  0\$aVol.1, no.1 (Sept. 1981)-
=500  \\$aCeased publication.
=540  \\$aCurrent Copyright Fee: GBP25.00$c0$5Uk
=650  \0$aTextile industry$vPeriodicals.
=653  \\$aTextile industries$aSerials
=690  7\$aManagement and Business Studies$2blcoll
=710  2\$aTextile Institute (Manchester, England)
=780  00$tTextile Institute and industry$x0039-8357
=785  00$tTextile horizons international$x1351-0266
=852  49$aBritish Library$bDSC$3See shelfmark 8801.992000 for: vol. 1, 1981- 11, 1991
=852  71$aBritish Library$bSTI$k(P)$hML 00$m-E(20)$2blsrissc$3Vol.1, 1981-11, pt.12, 1991
=ACF  \\$aPrevious Copyright Fee: GBP12.00$c0$e01-apr-2012$fGBP12.00$g0$hC$5Uk
=ACF  \\$aPrevious Copyright Fee: GBP12.00$c0$e01-jan-2012$fGBP12.00$g0$hC$5Uk
=ACF  \\$aPrevious Copyright Fee: GBP10.50$c0$e01-oct-2011$fGBP10.50$g0$hC$5Uk
=ACF  \\$aPrevious Copyright Fee: GBP10.50$c0$e01-jul-2011$fGBP10.50$g0$hC$5Uk
=ACF  \\$aPrevious Copyright Fee: GBP10.50$c0$e01-apr-2011$fGBP10.50$g0$hC$5Uk
=ACF  \\$aPrevious Copyright Fee: GBP10.50$c0$e01-jan-2011$fGBP10.50$g0$hC$5Uk
=ACF  \\$aPrevious Copyright Fee: GBP9.00$c0$e01-oct-2010$fGBP9.00$g0$hC$5Uk
=ACF  \\$aPrevious Copyright Fee: GBP9.00$c0$e01-jul-2010$fGBP9.00$g0$hC$5Uk
=ACF  \\$aPrevious Copyright Fee: GBP9.00$c0$e01-apr-2010$fGBP9.00$g0$hC$5Uk
=ACF  \\$aPrevious Copyright Fee: GBP9.00$c0$e01-Jan-2010$fGBP9.00$g0$hC$5Uk
=ACF  \\$aPrevious Copyright Fee: GBP6.00$c0$e01-oct-2009$fGBP6.00$g0$hC$5Uk
=ACF  \\$aPrevious Copyright Fee: GBP6.00$c0$e01-jul-2009$fGBP6.00$g0$hC$5Uk
=ACF  \\$aPrevious Copyright Fee: GBP6.00$c0$e01-apr-2009$fGBP6.00$g0$hC$5Uk
=ACF  \\$aPrevious Copyright Fee: GBP6.00$c0$e01-jan-2009$fGBP6.00$g0$hC$5Uk
=ACF  \\$aPrevious Copyright Fee: GBP6.00$c0$e01-oct-2008$fGBP6.00$g0$hC$5Uk
=ACF  \\$aPrevious Copyright Fee: GBP6.00$c0$e01-jul-2008$fGBP6.00$g0$hC$5Uk
=ACF  \\$aPrevious Copyright Fee: GBP6.00$c0$e01-apr-2008$fGBP6.00$g0$hC$5Uk
=ACF  \\$aPrevious Copyright Fee: GBP6.00$c0$e01-jan-2008$fGBP6.00$g0$hC$5Uk
=ACF  \\$aPrevious Copyright Fee: GBP5.00$c0$e01-oct-2007$fGBP5.00$g0$hC$5Uk
=ACF  \\$aPrevious Copyright Fee: GBP5.00$c0$e01-jul-2007$fGBP5.00$g0$hC$5Uk
=ACF  \\$aPrevious Copyright Fee: GBP5.00$c0$e01-apr-2007$fGBP5.00$g0$hC$5Uk
=ACF  \\$aPrevious Copyright Fee: GBP5.00$c0$e01-jan-2007$fGBP5.00$g0$hC$5Uk
=ACF  \\$aPrevious Copyright Fee: GBP5.00$c0$e01-oct-2006$fGBP5.00$g0$hC$5Uk
=ACF  \\$aPrevious Copyright Fee: GBP5.00$c0$e01-jul-2006$fGBP5.00$g0$hC$5Uk
=ACF  \\$aPrevious Copyright Fee: GBP5.00$c0$e01-apr-2006$fGBP5.00$g0$hC$5Uk
=ACF  \\$aPrevious Copyright Fee: GBP5.00$c0$e01-jan-2006$fGBP5.00$g0$hC$5Uk
=ACF  \\$aPrevious Copyright Fee: GBP5.00$c0$e01-oct-2005$fGBP5.00$g0$hC$5Uk
=ACF  \\$aPrevious Copyright Fee: GBP5.00$c0$e01-jul-2005$fGBP5.00$g0$hC$5Uk
=ACF  \\$aPrevious Copyright Fee: GBP5.00$c0$e01-apr-2005$fGBP5.00$g0$hC$5Uk
=ACF  \\$aPrevious Copyright Fee: GBP5.00$c0$e01-jan-2005$fGBP5.00$g0$hC$5Uk
=ACF  \\$aPrevious Copyright Fee: GBP5.00$c0$e01-oct-2004$fGBP5.00$g0$hC$5Uk
=ACF  \\$aPrevious Copyright Fee: GBP12.00$c0$e01-jul-2012$fGBP12.00$g0$hC$5Uk
=ACF  \\$aPrevious Copyright Fee: GBP12.00$c0$e01-oct-2012$fGBP12.00$g0$hC$5Uk
=ACF  \\$aPrevious Copyright Fee: GBP12.30$c0$e01-jan-2014$fGBP12.30$g0$hC$5Uk
=ACF  \\$aPrevious Copyright Fee: GBP15.00$c0$e01-jan-2017$fGBP15.00$g0$hC$5Uk
=ACF  \\$aPrevious Copyright Fee: GBP17.50$c0$e01-jan-2018$fGBP17.50$g0$hC$5Uk
=ACF  \\$aPrevious Copyright Fee: GBP20.00$c0$e01-jan-2020$fGBP20.00$g0$hC$5Uk
=ACF  \\$aPrevious Copyright Fee: GBP22.50$c0$e01-jan-2021$fGBP22.50$g0$hC$5Uk
=CAT  \\$aCONV$b00$c20040425$lBLL90$h0544
=CAT  \\$aIPL-CLA$c20110630$lBLL01$h1531
=CAT  \\$aBATCH-CLA$b00$c20110831$lBLL01$h1755
=CAT  \\$aIPL-CLA$c20110930$lBLL01$h1532
=CAT  \\$aBATCH-CLA$b00$c20111130$lBLL01$h1157
=CAT  \\$aIPL-CLA$c20111230$lBLL01$h1901
=CAT  \\$aBATCH-CLA$b00$c20120229$lBLL01$h1607
=CAT  \\$aIPL-CLA$c20120330$lBLL01$h1419
=CAT  \\$aBATCH-CLA$b00$c20120531$lBLL01$h1714
=CAT  \\$aIPL-CLA$c20120629$lBLL01$h1017
=CAT  \\$aBATCH-CLA$b00$c20120831$lBLL01$h1532
=CAT  \\$aIPL-CLA$c20120930$lBLL01$h2050
=CAT  \\$aBATCH-CLA$b00$c20121107$lBLL01$h1915
=CAT  \\$aBATCH-CLA$b00$c20131129$lBLL01$h1637
=CAT  \\$aIPL-CLA$c20131231$lBLL01$h2146
=CAT  \\$aWR14_140$c20140905$lBLL01$h1746
=CAT  \\$aBATCH-CLA$b00$c20161130$lBLL01$h1630
=CAT  \\$aIPL-CLA$c20161230$lBLL01$h1956
=CAT  \\$aBATCH-CLA$b00$c20171130$lBLL01$h1649
=CAT  \\$aIPL-CLA$c20171231$lBLL01$h1527
=CAT  \\$aBATCH-CLA$b00$c20191129$lBLL01$h1627
=CAT  \\$aIPL-CLA$c20191231$lBLL01$h1837
=CAT  \\$aBATCH-CLA$b00$c20201126$lBLL01$h1413
=CAT  \\$aIPL-CLA$c20201231$lBLL01$h2051
=CAT  \\$aBATCH-CLA$b00$c20221130$lBLL01$h1450
=CAT  \\$aIPL-CLA$c20221231$lBLL01$h1959
=CAT  \\$aBATCH-CLA$b00$c20230209$lBLL01$h1537
=CAT  \\$aIPL-CLA$c20230210$lBLL01$h0055
=CFI  0\$aCurrent Copyright Fee: GBP25.00$c0$e09-feb-2023$fGBP25.00$g0$hC$5Uk
=CFI  2\$aBritish Library not licensed to copy$c0$e01-jan-2023$hC$iCFP Excluded$5Uk
=FIN  \\$aY
=FMT  \\$a  SE
=LAS  \\$aIPL-CLA$b00$c20230210$lBLL01$h0055
=LEO  \\$aMP5.0000519754
=LEO  \\$aMP22.0000008649
=LKR  \\$aPAR$b012755356$lBLL01$r78000$mTextile horizons (1981)$nTextile Institute and industry
=SRC  \\$aBNB03$bbibmp5.200404.2.aa
=SRC  \\$aISN01$bbibmp22.200404.2.aa
=TCO  \\$aCLA$bCLA$c008

