=LDR  04014cas a2200913 a 4500
=001  011098657
=003  Uk
=005  20221231200127.0
=007  ta
=008  040409d19731973enk\x\m\\\b\\\0\\\a0eng\\
=019  c\$a2197862
=019  0\$as141495006
=040  \\$aUk$cUk$dUk
=082  04$a016.544925$218
=084  \\$aJF 306$2blsrissc
=245  00$aBibliography of column chromatography ... and survey of applications.
=260  \\$aAmsterdam ;$aLondon :$bElsevier,$c1973.
=300  \\$av. ;$c25 cm.
=336  \\$atext$2rdacontent
=337  \\$aunmediated$2rdamedia
=338  \\$avolume$2rdacarrier
=490  1\$aJournal of chromatography. Supplementary volume ;$vno.3
=500  \\$aEditor: Zdenĕk Deyl ... [and others].
=540  \\$aCurrent Copyright Fee: GBP25.00$c0$5Uk
=650  \0$aChromatographic analysis$vBibliography.
=653  \\$aPeriodical articles on column chromatography$aBibliographies
=830  \0$aJournal of chromatography.$pSupplementary volume ;$vno.3
=852  49$aBritish Library$bDSC$3See shelfmark 4958.350100 for No.3
=852  71$aBritish Library$bSTI$k(A)$hJF 306$m-E(8)$2blsrissc$3No.3, 1967/70, 1973
=985  \\$aRecord merged by DQ team
=A02  \\$a2197862
=ACF  \\$aPrevious copyright fee: GBP9.00$c0$e01-apr-2010$fGBP9.00$g0$hA$5Uk
=ACF  \\$aPrevious copyright fee: GBP6.00$c0$e01-apr-2008$fGBP6.00$g0$hA$5Uk
=ACF  \\$aPrevious copyright fee: GBP5.00$c0$e01-jul-2002$fGBP5.00$g0$hA$5Uk
=ACF  \\$aCurrent copyright fee: GBP4.40$c0$e01-jul-1998$fGBP4.40$g0$hA$5Uk
=ACF  \\$aCurrent copyright fee: GBP4.20$c0$e01-apr-1997$fGBP4.20$g0$hA$5Uk
=ACF  \\$aPrevious copyright fee: GBP10.50$c0$e01-jan-2011$fGBP10.50$g0$hA$5Uk
=ACF  \\$aPrevious copyright fee: GBP12.00$c0$e01-jan-2012$fGBP12.00$g0$hA$5Uk
=ACF  \\$aPrevious Copyright Fee: GBP12.30$c0$e01-jan-2014$fGBP12.30$g0$hA$5Uk
=ACF  \\$aPrevious Copyright Fee: GBP15.00$c0$e01-jan-2017$fGBP15.00$g0$hA$5Uk
=ACF  \\$aPrevious Copyright Fee: GBP17.50$c0$e01-jan-2018$fGBP17.50$g0$hA$5Uk
=ACF  \\$aPrevious Copyright Fee: GBP20.00$c0$e01-jan-2020$fGBP20.00$g0$hA$5Uk
=CAT  \\$aCONV$b00$c20040425$lBLL90$h0659
=CAT  \\$aBATCH$b00$c20100103$lBLL01$h1149
=CAT  \\$aBATCH-UPD$b00$c20100226$lBLL01$h0042
=CAT  \\$aBATCH-UPD$b00$c20100331$lBLL01$h2232
=CAT  \\$aBATCH-UPD$b00$c20100401$lBLL01$h0202
=CAT  \\$aBATCH$b00$c20100401$lBLL01$h0503
=CAT  \\$aBATCH$b00$c20100401$lBLL01$h1528
=CAT  \\$aBATCH-UPD$b00$c20101124$lBLL01$h1858
=CAT  \\$aBATCH-UPD$b00$c20101125$lBLL01$h1121
=CAT  \\$aIPL-CLA$c20101231$lBLL01$h1403
=CAT  \\$aWR11_203$c20111204$lBLL01$h1421
=CAT  \\$aIPL-CLA$c20111230$lBLL01$h1903
=CAT  \\$aBATCH-CLA$b00$c20121107$lBLL01$h1913
=CAT  \\$aBATCH-CLA$c20131219$lBLL01$h1827
=CAT  \\$aIPL-CLA$c20131231$lBLL01$h2149
=CAT  \\$aBATCH-CLA$b00$c20161222$lBLL01$h1739
=CAT  \\$aIPL-CLA$c20161230$lBLL01$h1958
=CAT  \\$aBATCH-CLA$b00$c20171222$lBLL01$h2045
=CAT  \\$aIPL-CLA$c20171231$lBLL01$h1529
=CAT  \\$aBATCH-CLA$b00$c20191219$lBLL01$h1705
=CAT  \\$aIPL-CLA$c20191231$lBLL01$h1839
=CAT  \\$aR2001-1524$c20200127$lBLL01$h1948
=CAT  \\$aBATCH-CLA$b00$c20201204$lBLL01$h1504
=CAT  \\$aIPL-CLA$c20201231$lBLL01$h2052
=CAT  \\$aBATCH-CLA$b00$c20221221$lBLL01$h1810
=CAT  \\$aIPL-CLA$c20221231$lBLL01$h2001
=CFI  0\$aCurrent Copyright Fee: GBP25.00$c0$e01-jan-2023$fGBP25.00$g0$hA$5Uk
=CFI  2\$aPrevious Copyright Fee: GBP22.50$c0$e01-jan-2021$fGBP22.50$g0$hA$5Uk
=FIN  \\$aY
=FMT  \\$a  SE
=LAS  \\$aIPL-CLA$b00$c20221231$lBLL01$h2001
=LEO  \\$aMP25.0000042538
=LEO  \\$aMP10.0000096237
=LKR  \\$aPAR$b010488575$lBLL01$mBibliography of column chromatography ... and survey of applications.$nJournal of chromatography. Supplementary volume
=SRC  \\$aSRI01$bbibmp25.200404.2.aa
=SRC  \\$aDSS01$bbibmp10.200404.2.aa
=TCO  \\$aCLA$bCLA$c008

