=LDR  03386 as a22008177  4500
=001  011106018
=003  Uk
=005  20051229085637.0
=007  ta
=008  960514d19952005xxuw|\p|||\\\||\\\||eng\\
=019  0\$as615364004
=019  c\$a2344261
=040  \\$aUk$cUk$dUk
=084  \\$aAN 130$2blsrissc
=245  00$aBondweek.
=260  \\$aNew York, N.Y. :$bInstitutional Investor, Inc.,$c1995-2005.
=300  \\$c29 cm.
=336  \\$atext$2rdacontent
=337  \\$aunmediated$2rdamedia
=338  \\$avolume$2rdacarrier
=540  \\$aBritish Library not licensed to copy$c0$5Uk
=580  \\$aMerged with: Loan market week, to become: Credit investment news.
=595  \\$aSEE CARD INDEX.
=785  17$tLoan market week$x1529-5680
=785  17$tCredit investment news$x1558-6979
=852  71$aBritish Library$bSTI$k(P)$hAN 130$m-E(7) Business$2blsrissc$3Last 12 months only
=852  71$aBritish Library$bSTI$cRES$k(P)$hAN 130$m-E(7)$2blsrissc$31995- ; Vol.15, no.51- ; Deficient: vol.16, no.18-20, 1996; vol.17, no.14, no.25, 1997***Earlier issues
=852  41$aBritish Library$bHMNTS
=886  2\$2blmarc$a092$b00$a2247.315000n
=945  \\$aBONDWEEK
=957  \\$aCR
=979  \\$aBritish Library$bDSC$j2247.315000N$xNot selected
=ACF  \\$aPrevious Copyright Fee: GBP10.00$c0$e01-oct-2008$fGBP10.00$g0$hC$5Uk
=ACF  \\$aPrevious copyright fee: GBP6.00$c0$e01-apr-2008$fGBP6.00$g0$hA$5Uk
=ACF  \\$aPrevious copyright fee: GBP5.00$c0$e01-jul-2002$fGBP5.00$g0$hA$5Uk
=ACF  \\$aCurrent copyright fee: GBP4.40$c0$e01-jul-1998$fGBP4.40$g0$hA$5Uk
=ACF  \\$aCurrent copyright fee: GBP4.20$c0$e01-apr-1997$fGBP4.20$g0$hA$5Uk
=CAT  \\$aCONV$b00$c20040425$lBLL90$h0700
=CAT  \\$aaqnfix$b00$c20040626$lBLL01$h1256
=CAT  \\$c20041010$lBLL01$h1912
=CAT  \\$a8323$b40$c20051229$lBLL01$h0822
=CAT  \\$a8323$b40$c20051229$lBLL01$h0823
=CAT  \\$a8323$b40$c20051229$lBLL01$h0854
=CAT  \\$a8323$b40$c20051229$lBLL01$h0856
=CAT  \\$aBATCH-UPD$b40$c20080223$lBLL01$h2211
=CAT  \\$aBATCH-UPD$b40$c20080226$lBLL01$h0124
=CAT  \\$aBATCH-UPD$b40$c20080330$lBLL01$h0553
=CAT  \\$aBATCH-UPD$b40$c20080330$lBLL01$h1413
=CAT  \\$aBATCH$b00$c20080330$lBLL01$h2129
=CAT  \\$aBATCH-CLA$b00$c20080829$lBLL01$h1834
=CAT  \\$aBATCH-UPD$b00$c20080930$lBLL01$h2230
=CAT  \\$aBATCH-UPD$b00$c20080930$lBLL01$h2351
=CAT  \\$aBATCH$b00$c20081001$lBLL01$h0109
=CAT  \\$aWR-09059$b40$c20090927$lBLL01$h1641
=CAT  \\$aBATCH-UPD$b40$c20101201$lBLL01$h1236
=CAT  \\$aIPL-CLA$c20101231$lBLL01$h1406
=CAT  \\$aBATCH-UPD$b00$c20110907$lBLL01$h1815
=CAT  \\$aIPL-CLA$c20110908$lBLL01$h1730
=CAT  \\$aBATCH-CLA$b00$c20121107$lBLL01$h1912
=CAT  \\$aWR13.005$c20130323$lBLL01$h1410
=CFI  0\$aBritish Library not licensed to copy$c0$e07-sep-2011$hC$iTX$5Uk
=CFI  2\$aPrevious copyright fee: GBP10.50$c0$e01-jan-2011$fGBP10.50$g0$hA$5Uk
=FIN  \\$aY
=FMT  \\$a  SE
=LAS  \\$aWR13.005$b00$c20130323$lBLL01$h1410
=LEO  \\$aMP10.0000105850
=LEO  \\$aMP25.0000306526
=LKR  \\$aPAR$b012448901$lBLL01$r78517$mBondweek.$nLoan market week : the newsweekly of the loan syndication, trading and investment markets.
=SRC  \\$aSRI01$bbibmp25.200404.2.aa
=SRC  \\$aDSS01$bbibmp10.200404.2.aa
=TCO  \\$aTRS$bCCC$c008

