=LDR  04665cas a2201117 a 4500
=001  011145635
=003  Uk
=005  20221231201029.0
=008  020807d20022012enkar\p\\r\\\\0\\\a0eng\\
=015  \\$aGBA252663$2bnb
=019  y\$abA252663
=019  9\$abA252663
=019  0\$as678820007
=019  c\$a3004472
=039  0\$a2704
=040  \\$aUk$cUk
=082  04$a338.7613702541$221
=084  \\$aAA 661$2blsrissc
=110  2\$aBritish Educational Suppliers Association.
=245  10$aUK education & training, products and suppliers directory.
=246  3\$aBESAbook
=246  3\$aUK education and training, products and suppliers directory
=246  2\$aBESABOOK
=260  \\$aLondon (20 Beaufort Court, Admirals Way, London E14 9XL) :$bBESA,$c2002-2012
=300  \\$av. ;$c21 cm.
=336  \\$atext$2rdacontent
=337  \\$aunmediated$2rdamedia
=338  \\$avolume$2rdacarrier
=362  0\$a2002-
=500  \\$aAlso entitled: BESAbook.
=540  \\$aCurrent Copyright Fee: GBP25.00$c0$5Uk
=580  \\$aContinues: British Educational Suppliers Association. The BESA buyers guide to educational resources.
=595  \\$aFORMERLY 1941.845N.
=597  \\$aEnhanced$bSRIS DDC
=610  24$aBritish Educational Suppliers Association$xMembership$vDirectories.
=650  \0$aEducation$zGreat Britain$xEquipment and supplies$vDirectories.
=650  \0$aTeaching$zGreat Britain$xAids and devices$vDirectories.
=650  \0$aTeachers$xServices for$zGreat Britain$vDirectories.
=690  7\$aManagement and Business Studies$2blcoll
=710  2\$aBritish Educational Suppliers Association.
=785  00$tDirectory of products and suppliers
=852  71$aBritish Library$bSTI$cRES$k(XB)$hAA 661$3Earlier issues
=852  71$aBritish Library$bSTI$cBIPC$k(B) DIR$h338.7613702541$mBusiness$2blsrissc$32002-2012***Current issue
=852  41$aBritish Library$bSTI$32002- *A=1
=945  \\$aUK EDUCATION AND TRAINING PRODUCTS AND SUPPLIERS DIRECTORY.
=957  \\$a020807p
=979  \\$aBritish Library$bDSC$j9082.656292N
=985  \\$aRecord merged by SUNCAT Team
=A02  \\$a3004472
=ACF  \\$aPrevious copyright fee: GBP9.00$c0$e01-apr-2010$fGBP9.00$g0$hA$5Uk
=ACF  \\$aPrevious copyright fee: GBP6.00$c0$e01-apr-2008$fGBP6.00$g0$hA$5Uk
=ACF  \\$aPrevious copyright fee: GBP5.00$c0$e31-jul-2002$fGBP5.00$g0$hA$5Uk
=ACF  \\$aPrevious copyright fee: GBP10.50$c0$e01-jan-2011$fGBP10.50$g0$hA$5Uk
=ACF  \\$aPrevious copyright fee: GBP12.00$c0$e01-jan-2012$fGBP12.00$g0$hA$5Uk
=ACF  \\$aPrevious Copyright Fee: GBP12.30$c0$e01-jan-2014$fGBP12.30$g0$hA$5Uk
=ACF  \\$aPrevious Copyright Fee: GBP15.00$c0$e01-jan-2017$fGBP15.00$g0$hA$5Uk
=ACF  \\$aPrevious Copyright Fee: GBP17.50$c0$e01-jan-2018$fGBP17.50$g0$hA$5Uk
=ACF  \\$aPrevious Copyright Fee: GBP20.00$c0$e01-jan-2020$fGBP20.00$g0$hA$5Uk
=CAT  \\$aCONV$b00$c20040425$lBLL90$h0712
=CAT  \\$aBATCH$b00$c20100401$lBLL01$h0516
=CAT  \\$aBATCH$b00$c20100401$lBLL01$h1543
=CAT  \\$aBATCH-UPD$b00$c20101124$lBLL01$h1912
=CAT  \\$aBATCH-UPD$b00$c20101125$lBLL01$h1137
=CAT  \\$aIPL-CLA$c20101231$lBLL01$h1420
=CAT  \\$aWR11_203$c20111204$lBLL01$h1434
=CAT  \\$aIPL-CLA$c20111230$lBLL01$h1923
=CAT  \\$aBATCH-CLA$b00$c20121108$lBLL01$h1739
=CAT  \\$aWR13.005$c20130323$lBLL01$h1447
=CAT  \\$a5997$b40$c20130402$lBLL01$h0907
=CAT  \\$aBATCH-CLA$c20131219$lBLL01$h1846
=CAT  \\$aIPL-CLA$c20131231$lBLL01$h2212
=CAT  \\$aWR14_140$c20140905$lBLL01$h1747
=CAT  \\$a7778$b40$c20160823$lBLL01$h0914
=CAT  \\$aBATCH-CLA$b00$c20161222$lBLL01$h1744
=CAT  \\$aIPL-CLA$c20161230$lBLL01$h2013
=CAT  \\$aBATCH-CLA$b00$c20171222$lBLL01$h2054
=CAT  \\$aIPL-CLA$c20171231$lBLL01$h1541
=CAT  \\$aBATCH-CLA$b00$c20191219$lBLL01$h1711
=CAT  \\$aIPL-CLA$c20191231$lBLL01$h1849
=CAT  \\$aR2001-1524$c20200127$lBLL01$h1950
=CAT  \\$aBATCH-CLA$b00$c20201204$lBLL01$h1510
=CAT  \\$aIPL-CLA$c20201231$lBLL01$h2104
=CAT  \\$aBATCH-CLA$b00$c20221221$lBLL01$h1816
=CAT  \\$aIPL-CLA$c20221231$lBLL01$h2010
=CFI  0\$aCurrent Copyright Fee: GBP25.00$c0$e01-jan-2023$fGBP25.00$g0$hA$5Uk
=CFI  2\$aPrevious Copyright Fee: GBP22.50$c0$e01-jan-2021$fGBP22.50$g0$hA$5Uk
=FIN  \\$aY
=FMT  \\$a  SE
=LAS  \\$aIPL-CLA$b00$c20221231$lBLL01$h2010
=LEO  \\$aMP5.0000013381
=LEO  \\$aMP25.0000357910
=LEO  \\$aMP10.0000589788
=SRC  \\$aBNB03$bbibmp5.200404.2.aa
=SRC  \\$aSRI01$bbibmp25.200404.2.aa
=SRC  \\$aDSS01$bbibmp10.200404.2.aa
=TCO  \\$aCLA$bCLA$c008

