=LDR  03517cas a22008417a 4500
=001  011451343
=003  Uk
=005  20221231201453.0
=007  ta
=008  950612c19919999enku|\p\\\\\\\0\\\a0eng\\
=019  c\$a2602881
=022  0\$a1359-4753$202
=040  \\$aUk$cUk$dUk
=042  \\$aissnuk
=210  0\$aEur. j. cancer prev., Suppl.
=222  \0$aEuropean journal of cancer prevention. Supplement
=245  00$aEuropean journal of cancer prevention.$pSupplement.
=260  \\$aOxford :$bRapid Communications.
=336  \\$atext$2rdacontent
=337  \\$aunmediated$2rdamedia
=338  \\$avolume$2rdacarrier
=540  \\$aCurrent Copyright Fee: GBP25.00$c0$5Uk
=595  \\$aSEE 3829.7254.
=710  2\$aEuropean Cancer Prevention Organisation.
=772  0\$tEuropean journal of cancer prevention$x0959-8278
=852  71$aBritish Library$bSTI$k(P)$hGT 69$m-E(4)$2blsrissc
=852  49$aBritish Library$bDSC$3See shelfmark 3829.725400 (supplement shelved with main title)
=985  \\$aRecord merged by DQ team
=ACF  \\$aPrevious Copyright Fee: GBP17.50$c0$e01-oct-2008$fGBP17.50$g0$hC$5Uk
=ACF  \\$aPrevious copyright fee: GBP10.50$c0$e01-jan-2011$fGBP10.50$g0$hA$5Uk
=ACF  \\$aPrevious copyright fee: GBP12.00$c0$e01-jan-2012$fGBP12.00$g0$hA$5Uk
=ACF  \\$aPrevious Copyright Fee: GBP12.30$c0$e01-jan-2014$fGBP12.30$g0$hA$5Uk
=ACF  \\$aPrevious Copyright Fee: GBP15.00$c0$e01-jan-2017$fGBP15.00$g0$hA$5Uk
=ACF  \\$aPrevious Copyright Fee: GBP17.50$c0$e01-jan-2018$fGBP17.50$g0$hA$5Uk
=ACF  \\$aPrevious Copyright Fee: GBP20.00$c0$e01-jan-2020$fGBP20.00$g0$hA$5Uk
=CAT  \\$aCONV$b00$c20040425$lBLL90$h0849
=CAT  \\$aglobal_upd$b40$c20060417$lBLL01$h1816
=CAT  \\$a8456$b40$c20071206$lBLL01$h1359
=CAT  \\$aBATCH-CLA$b00$c20080829$lBLL01$h1814
=CAT  \\$aBATCH-UPD$b00$c20080930$lBLL01$h2354
=CAT  \\$aBATCH$b00$c20081001$lBLL01$h0112
=CAT  \\$aBATCH$b00$c20091210$lBLL01$h0501
=CAT  \\$aBATCH$b00$c20091214$lBLL01$h0704
=CAT  \\$aBATCH-UPD$b00$c20101201$lBLL01$h1239
=CAT  \\$aIPL-CLA$c20101231$lBLL01$h1424
=CAT  \\$aWR11_203$c20111204$lBLL01$h1436
=CAT  \\$aIPL-CLA$c20111230$lBLL01$h1928
=CAT  \\$aBATCH-CLA$b00$c20121108$lBLL01$h1737
=CAT  \\$aBATCH-CLA$c20131219$lBLL01$h1850
=CAT  \\$aIPL-CLA$c20131231$lBLL01$h2218
=CAT  \\$aBATCH-CLA$b00$c20161222$lBLL01$h1746
=CAT  \\$aIPL-CLA$c20161230$lBLL01$h2019
=CAT  \\$aBATCH-CLA$b00$c20171222$lBLL01$h2057
=CAT  \\$aIPL-CLA$c20171231$lBLL01$h1545
=CAT  \\$aBATCH-CLA$b00$c20191219$lBLL01$h1713
=CAT  \\$aIPL-CLA$c20191231$lBLL01$h1851
=CAT  \\$aR2001-1524$c20200127$lBLL01$h1952
=CAT  \\$aBATCH-CLA$b00$c20201204$lBLL01$h1512
=CAT  \\$aIPL-CLA$c20201231$lBLL01$h2109
=CAT  \\$aBATCH-CLA$b00$c20221221$lBLL01$h1818
=CAT  \\$aIPL-CLA$c20221231$lBLL01$h2014
=CFI  0\$aCurrent Copyright Fee: GBP25.00$c0$e01-jan-2023$fGBP25.00$g0$hA$5Uk
=CFI  2\$aPrevious Copyright Fee: GBP22.50$c0$e01-jan-2021$fGBP22.50$g0$hA$5Uk
=FIN  \\$aY
=FMT  \\$a  SE
=LAS  \\$aIPL-CLA$b00$c20221231$lBLL01$h2014
=LEO  \\$aMP22.0000047456
=LEO  \\$aMP10.0000219123
=LKR  \\$aPAR$b008414712$lBLL01$r772$mEuropean journal of cancer prevention. Supplement$nEuropean journal of cancer prevention
=SRC  \\$aDSS03$bbibsr.200404.2.aa
=SRC  \\$aDSS01$bbibmp10.200404.2.aa
=SRC  \\$aISN01$bbibmp22.200404.2.aa
=TCO  \\$aCLA$bCLA$c008

