=LDR  03375cas a22008653i 4500
=001  011456707
=003  Uk
=005  20221231201522.0
=007  ta
=008  980804c19989999xxka|2\|||\\\||\\\a0eng\\
=019  c\$a2569966
=022  0\$a1463-8363$202
=040  \\$aUk$cUk
=082  04$a384.5510943
=210  0\$aTV East Eur. handb.
=222  \0$aTV East Europe handbook
=245  00$aTV East Europe handbook
=246  00$aTelevision East Europe handbook
=246  03$aTVEE handbook
=260  \\$aLondon :$bFT Media & Telecoms.
=336  \\$atext$2rdacontent
=337  \\$aunmediated$2rdamedia
=338  \\$avolume$2rdacarrier
=540  \\$aCurrent Copyright Fee: GBP25.00$c0$5Uk
=710  2\$aFT Media & Telecoms.
=787  0\$tTV East Europe$x1367-8507
=852  71$aBritish Library$bSTI$cRES$k(XP)$hAA 737$m-E(82)$31998-1999.
=852  41$aBritish Library$bHMNTS$31998- *A=1
=886  2\$2blmarc$a092$b00$a9076.530000n
=945  \\$aTV EAST EUROPE HANDBOOK.
=979  \\$aBritish Library$bDSC$j9076.530000N
=A02  \\$a2569966
=ACF  \\$aPrevious copyright fee: GBP5.00$c0$e01-jul-2002$fGBP5.00$g0$hC$5Uk
=ACF  \\$aCurrent copyright fee: GBP4.40$c0$e03-aug-1998$fGBP4.40$g0$hA$5Uk
=ACF  \\$aPrevious copyright fee: GBP10.50$c0$e01-jan-2011$fGBP10.50$g0$hA$5Uk
=ACF  \\$aPrevious copyright fee: GBP12.00$c0$e01-jan-2012$fGBP12.00$g0$hA$5Uk
=ACF  \\$aPrevious Copyright Fee: GBP12.30$c0$e01-jan-2014$fGBP12.30$g0$hA$5Uk
=ACF  \\$aPrevious Copyright Fee: GBP15.00$c0$e01-jan-2017$fGBP15.00$g0$hA$5Uk
=ACF  \\$aPrevious Copyright Fee: GBP17.50$c0$e01-jan-2018$fGBP17.50$g0$hA$5Uk
=ACF  \\$aPrevious Copyright Fee: GBP20.00$c0$e01-jan-2020$fGBP20.00$g0$hA$5Uk
=CAT  \\$aCONV$b00$c20040425$lBLL90$h0850
=CAT  \\$aCONV$b00$c20040502$lBLL01$h1434
=CAT  \\$c20041010$lBLL01$h1939
=CAT  \\$aglobal_upd$b40$c20060417$lBLL01$h1818
=CAT  \\$aBATCH$b00$c20091210$lBLL01$h0503
=CAT  \\$aBATCH$b00$c20091214$lBLL01$h0706
=CAT  \\$aBATCH$b00$c20091216$lBLL01$h0159
=CAT  \\$aBATCH-UPD$b00$c20101201$lBLL01$h1239
=CAT  \\$aIPL-CLA$c20101231$lBLL01$h1425
=CAT  \\$aWR11_203$c20111204$lBLL01$h1436
=CAT  \\$aIPL-CLA$c20111230$lBLL01$h1929
=CAT  \\$aBATCH-CLA$b00$c20121108$lBLL01$h1736
=CAT  \\$aWR13.005$c20130329$lBLL01$h1221
=CAT  \\$aBATCH-CLA$c20131219$lBLL01$h1850
=CAT  \\$aIPL-CLA$c20131231$lBLL01$h2219
=CAT  \\$aBATCH-CLA$b00$c20161222$lBLL01$h1746
=CAT  \\$aIPL-CLA$c20161230$lBLL01$h2020
=CAT  \\$aBATCH-CLA$b00$c20171222$lBLL01$h2057
=CAT  \\$aIPL-CLA$c20171231$lBLL01$h1545
=CAT  \\$aBATCH-CLA$b00$c20191219$lBLL01$h1713
=CAT  \\$aIPL-CLA$c20191231$lBLL01$h1852
=CAT  \\$aBATCH-CLA$b00$c20201204$lBLL01$h1512
=CAT  \\$aIPL-CLA$c20201231$lBLL01$h2109
=CAT  \\$aBATCH-CLA$b00$c20221221$lBLL01$h1818
=CAT  \\$aIPL-CLA$c20221231$lBLL01$h2015
=CFI  0\$aCurrent Copyright Fee: GBP25.00$c0$e01-jan-2023$fGBP25.00$g0$hA$5Uk
=CFI  2\$aPrevious Copyright Fee: GBP22.50$c0$e01-jan-2021$fGBP22.50$g0$hA$5Uk
=FIN  \\$aY
=FMT  \\$a  SE
=LAS  \\$aIPL-CLA$b00$c20221231$lBLL01$h2015
=LEO  \\$aMP10.0000588486
=LEO  \\$aMP22.0000059031
=SRC  \\$aDSS01$bbibmp10.200404.2.aa
=SRC  \\$aISN01$bbibmp22.200404.2.aa
=TCO  \\$aCLA$bCLA$c008

