=LDR  03007 as a2200757ua 4500
=001  011482485
=003  Uk
=005  20080227155258.0
=006  aa\\\|||||||||||||
=007  ta
=008  030903d19931999xxuar\p|||r\\\0\\\a0eng\\
=019  0\$as688676006
=040  \\$aUk$cUk$dUk
=082  04$a668.4$221
=245  00$aModern plastics encyclopedia ... & buyers' guide.
=246  3\$aModern plastics encyclopedia ... and buyers' guide
=246  13$aModern plastics encyclopedia ... with buyers' guide$f1995-1999
=246  13$aModern plastics special buyers' guide & encyclopedia issue for ...$f1993
=246  13$aModern plastics encyclopedia
=246  18$aModern plastics encyclopedia ... & buyers' guide issue$f1993-1994
=246  3\$aModern plastics encyclopedia
=260  \\$aNew York, NY :$bMcGraw-Hill,$cc1992-c1998.
=300  \\$a7 v. :$bill. ;$c28 cm.
=310  \\$aAnnual
=336  \\$atext$2rdacontent
=337  \\$aunmediated$2rdamedia
=338  \\$avolume$2rdacarrier
=362  0\$a'93-'99.
=500  \\$aTitle varies slightly.
=500  \\$aDescription based on: '94 issue.
=540  \\$aBritish Library not licensed to copy$c0$5Uk
=580  \\$aPublished as a special issue of: Modern plastics.
=650  \0$aPlastics$vPeriodicals.
=650  \0$aPlastics industry and trade$vDirectories.
=777  0\$tModern plastics$x0026-8275
=780  00$tModern plastics encyclopedia$x0085-3518
=785  00$tModern plastics world encyclopedia
=852  49$aBritish Library$bDSC$3See shelfmark 5891.005000 for 1993-75(12) 1998
=852  71$aBritish Library$bSTI$k(P)$hMG 50$m-E(12)$2blsrissc$3'93-'99
=957  \\$a030902p
=985  \\$aRecord enhanced by DQ team
=ACF  \\$aPrevious Copyright Fee: GBP5.50$c0$e01-oct-2008$fGBP5.50$g0$hC$5Uk
=CAT  \\$aCONV$b00$c20040425$lBLL90$h0900
=CAT  \\$aCONV$b00$c20040502$lBLL01$h1434
=CAT  \\$a8456$b40$c20080227$lBLL01$h1538
=CAT  \\$a8456$b40$c20080227$lBLL01$h1552
=CAT  \\$aBATCH-CLA$b00$c20080829$lBLL01$h1830
=CAT  \\$aBATCH-CLA$b00$c20080829$lBLL01$h1844
=CAT  \\$aBATCH-UPD$b00$c20080930$lBLL01$h2356
=CAT  \\$aBATCH$b00$c20081001$lBLL01$h0114
=CAT  \\$aBATCH$b00$c20091210$lBLL01$h0505
=CAT  \\$aBATCH$b00$c20091214$lBLL01$h0709
=CAT  \\$aBATCH-UPD$b00$c20101201$lBLL01$h1239
=CAT  \\$aIPL-CLA$c20101231$lBLL01$h1426
=CAT  \\$aBATCH-UPD$b00$c20110907$lBLL01$h1818
=CAT  \\$aIPL-CLA$c20110908$lBLL01$h1733
=CAT  \\$aBATCH-CLA$b00$c20121108$lBLL01$h1736
=CFI  0\$aBritish Library not licensed to copy$c0$e07-sep-2011$hC$iTX$5Uk
=CFI  2\$aPrevious copyright fee: GBP10.50$c0$e01-jan-2011$fGBP10.50$g0$hA$5Uk
=FIN  \\$aY
=FMT  \\$a  SE
=LAS  \\$aBATCH-CLA$b00$c20121108$lBLL01$h1736
=LEO  \\$aMP25.0000366171
=LKR  \\$aPAR$b011767001$lBLL01$r78000$mModern plastics encyclopedia ... & buyers' guide.$nModern plastics encyclopedia.
=SRC  \\$aSRI01$bbibmp25.200404.2.aa
=TCO  \\$aTRS$bCCC$c008

