=LDR  01397 am a2200421ua 4500
=001  011483050
=003  Uk
=005  20040817151906.0
=008  040226s2003\\\\xxua\\\||\\\\\001\||eng\\
=019  0\$as694617008
=020  \\$a0312303564
=040  \\$aUk$cUk
=082  04$a616.027$222
=100  1\$aGoliszek, Andrew.
=245  10$aIn the name of science :$ba history of secret programs, medical research, and human experimentation /$cAndrew Goliszek.
=260  \\$aNew York :$bSt. Martins Press,$c2003.
=300  \\$axiv, 448 p. :$bill. ;$c24 cm.
=336  \\$atext$2rdacontent
=337  \\$aunmediated$2rdamedia
=338  \\$avolume$2rdacarrier
=504  \\$aIncludes bibliographical references (p. 407-432) and index.
=650  \0$aHuman experimentation in medicine.
=650  \0$aMedical sciences$xResearch$xMoral and ethical aspects.
=650  \0$aScience$xExperiments.
=852  11$aBritish Library$bSTI$k(B)$h616.027
=852  41$aBritish Library$bSTI
=957  \\$a040201p
=957  \\$r12/02/2004
=CAT  \\$aCONV$b00$c20040425$lBLL90$h0900
=CAT  \\$aCONV$b00$c20040502$lBLL01$h1434
=CAT  \\$a9219$b40$c20040817$lBLL01$h1519
=CAT  \\$aBATCH$b00$c20091122$lBLL01$h1848
=FIN  \\$aY
=FMT  \\$a  BK
=LAS  \\$aBATCH$b00$c20091122$lBLL01$h1848
=LEO  \\$aMP25.0000371240
=SRC  \\$aSRI01$bbibmp25.200404.2.aa
=SRC  \\$aMOP02$bbibm2.200404.2.aa

