=LDR  02739 am a22005533  4500
=001  011543300
=003  Uk
=005  20050817113229.0
=006  m||||||||m|\||||||
=007  ta
=007  co\|ga|||m||||
=008  030820s2004\\\\njua\\\\\b\\\\001\0\eng\\
=010  \\$a2003062300
=015  \\$aGBA569831$2bnb
=020  \\$a0131219294 (International ed.) :$cNo price
=020  \\$a0131436422 (CD-ROM)
=035  \\$a13318418
=040  \\$aDLC$cDLC$dUk
=042  \\$aukblsr
=050  00$aTK5103$b.S72 2004
=082  00$a621.382$222
=100  1\$aStern, Harold P. E.
=245  10$aCommunication systems :$banalysis and design /$cHarold P. Stern, Samy A. Mahmoud, Lee Elliott Stern.
=260  \\$aUpper Saddle River, NJ ;$a[Great Britain] :$bPearson Prentice Hall,$cc2004.
=300  \\$axviii, 530 p. :$bill. ;$c24 cm. +$e1 CD-ROM
=336  \\$atext$2rdacontent
=337  \\$aunmediated$2rdamedia
=338  \\$avolume$2rdacarrier
=500  \\$a1 CD-ROM in pocket attached to inside back cover.
=504  \\$aIncludes bibliographical references and index.
=520  \\$aThe included CD-ROM contains PowerPoint based animated presentations designed to reinforce certain examples within the book ... [it] also contains pdf files with full color versions of selected figures from the book.
=538  \\$aSystems requirements for accompanying CD-ROM: Windows 98, 2000, NT, XP, ME; In addition to the minimum processor required by your OS, this application requires at least a Pentium running at 266 MHz; In addition to the minimum RAM required by your OS, this application requires at least 128 Megs RAM; 2GB hard disk with a minimum of 650MB of free space (recommended); Internet Browser-Internet Explorer 6.0 (recommended) or Netscape 6.0; CD-ROM drive; Adobe Acrobat Reader 5.0 is required to open '.pdf' files; PowerPoint Viewer is required to open the '.ppt' files; * Internet Connection - required to download Internet Explorer(tm), PowerPoint Viewer(tm), and Adobe Acrobat(tm); Screen Resolution 600 x 800 (minimum)
=650  \0$aTelecommunication systems$xDesign and construction.
=650  \0$aTelecommunication systems$xAnalysis.
=700  1\$aMahmoud, Samy A.
=700  1\$aStern, Lee Elliott.
=852  11$aBritish Library$bSTI$k(B)$h621.382
=852  \\$aBritish Library$bSTI
=957  \\$r18/12/03$tM/36940-03
=CAT  \\$aCONV$b00$c20040425$lBLL90$h0919
=CAT  \\$aCONV$b00$c20040502$lBLL01$h1436
=CAT  \\$a7143$b40$c20050817$lBLL01$h1132
=CAT  \\$aBATCH-RDA$c20160127$lBLL01$h1358
=FIN  \\$aY$d20050817
=FMT  \\$a  BK
=LAS  \\$aBATCH-RDA$b00$c20160127$lBLL01$h1358
=LDO  \\$aLDO$bpbk$c1/12/03
=SID  \\$aZ39$bOXFORD$c13318418
=SRC  \\$aLDS01$bbiblm.200404.2.aa

