=LDR  02044pam a2200625 u 4500
=001  011620420
=003  Uk
=005  20040819155243.0
=008  030718s2004\\\\enkab\\||b\\\\001\0|eng\\
=010  \\$a2003055285
=015  \\$aGBA3T9661$2bnb
=019  y\$abA3T9661
=019  9\$a0521820871
=019  a\$aG07874111
=020  \\$a0521820871 (cased) :$c£55.00
=039  0\$a2765
=040  \\$aStDuBDS$beng$cUk$dUk
=042  \\$aukblsr
=082  04$a569.9$222
=100  1\$aFinlayson, Clive,$d1955-
=245  10$aNeanderthals and modern humans :$ban ecological and evolutionary perspective /$cClive Finlayson.
=260  \\$aCambridge :$bCambridge University Press,$c2004.
=300  \\$ax, 255 p. :$bill., maps ;$c24 cm.
=336  \\$atext$2rdacontent
=337  \\$aunmediated$2rdamedia
=338  \\$avolume$2rdacarrier
=490  0\$aCambridge studies in biological and evolutionary anthropology ;$v38
=500  \\$aFormerly CIP.$5Uk
=504  \\$aIncludes bibliographical references and index.
=650  \0$aNeanderthals.
=650  \0$aHuman evolution.
=650  \0$aSocial evolution.
=852  11$aBritish Library$bSTI
=852  11$aBritish Library$bSTI$k(B)$h569.9
=957  \\$r9/3/04$tM/37796-11
=CAT  \\$aCONV$b00$c20040425$lBLL90$h0535
=CAT  \\$aCONV$b00$c20040502$lBLL01$h1441
=CAT  \\$a10883$b40$c20040816$lBLL01$h1127
=CAT  \\$a5375$b40$c20040817$lBLL01$h1729
=CAT  \\$a5751$b40$c20040818$lBLL01$h1645
=CAT  \\$a5751$b40$c20040818$lBLL01$h1646
=CAT  \\$a5751$b40$c20040819$lBLL01$h1552
=CAT  \\$aglobal_upd$b40$c20060417$lBLL01$h1259
=CAT  \\$aBATCH$b00$c20091210$lBLL01$h0532
=CAT  \\$aBATCH$b00$c20091214$lBLL01$h0738
=CAT  \\$aBATCH$b00$c20100103$lBLL01$h1118
=FIN  \\$aY
=FMT  \\$a  BK
=LAS  \\$aBATCH$b00$c20100103$lBLL01$h1118
=LDO  \\$aCIP$bhbk
=LEO  \\$aMP8.0001872694
=LEO  \\$aMP5.0000169338
=SRC  \\$aLDS01$bbiblm.200404.2.aa
=SRC  \\$aDSC01$bbibmp8.200404.2.ac
=SRC  \\$aBNB03$bbibmp5.200404.2.aa

