=LDR  02191 am a2200649 a 4500
=001  011624028
=003  Uk
=005  20041210135504.0
=008  020902s2002\\\\enka\\\||\\\\\001\||eng\\
=015  \\$aGBA258825$2bnb
=019  y\$abA258825
=019  9\$a1402006519
=019  0\$as680049002
=020  \\$a1402006519 (cased) :$c£99.00
=020  \\$a1402007558 (pbk.) :$cNo price
=039  0\$a2708
=040  \\$aDLC$cDLC$dUk
=082  04$a577.01$221
=084  \\$aCD 70$2blsrissc
=100  1\$aJørgensen, Sven Erik,$d1934-
=245  10$aIntegration of ecosystem theories :$ba pattern /$cby Sven Erik Jørgensen.
=250  \\$a3rd ed.
=260  \\$aDordrecht ;$aLondon :$bKluwer Academic Publishers,$cc2002.
=300  \\$axii, 420 p. :$bill. ;$c25 cm.
=336  \\$atext$2rdacontent
=337  \\$aunmediated$2rdamedia
=338  \\$avolume$2rdacarrier
=490  1\$aEcology & environment ;$vv. 1
=504  \\$aIncludes bibliographical references and index.
=597  \\$aEnhanced$bSRIS DDC
=650  \0$aEcology$xPhilosophy.
=830  \0$aEcology & environment ;$vv. 1.
=852  71$aBritish Library$bSTI$k(B)$hCD 70$2blsrissc
=852  41$aBritish Library$bDSC
=886  2\$2ukmarc$a900$b10$aJørgensen$hSven Erik$xSee$aJørgensen, S. E. (Sven Erik)$z100
=886  2\$2ukmarc$a900$b10$aJørgensen$hSven E.$xSee$aJørgensen, S. E. (Sven Erik)$z100
=957  \\$r29/8/02$tM/32277-03
=957  \\$a020827c
=AQN  \\$apbk dup rec 29/8/02
=CAT  \\$aCONV$b00$c20040425$lBLL90$h0539
=CAT  \\$aCONV$b00$c20040502$lBLL01$h1441
=CAT  \\$a6605$b40$c20041210$lBLL01$h1353
=CAT  \\$a6605$b40$c20041210$lBLL01$h1355
=CAT  \\$a5194$b40$c20090812$lBLL01$h1443
=CAT  \\$aBATCH$b00$c20091122$lBLL01$h1853
=CAT  \\$aBATCH$b00$c20091217$lBLL01$h0232
=CAT  \\$aBATCH-UPD$b00$c20160205$lBLL01$h2051
=FIN  \\$aY
=FMT  \\$a  BK
=LAS  \\$aBATCH-UPD$b00$c20160205$lBLL01$h2051
=LDO  \\$aLDO$bhbk
=LEO  \\$aMP5.0000342024
=LEO  \\$aMP25.0000358388
=SRC  \\$aMOP01$bbibm1.200404.2.aa
=SRC  \\$aLDS01$bbiblm.200404.2.aa
=SRC  \\$aBNB03$bbibmp5.200404.2.aa
=SRC  \\$aSRI01$bbibmp25.200404.2.aa

