=LDR  02317cam a2200673 a 4500
=001  011625178
=003  Uk
=005  20220930155225.0
=008  040105s2004\\\\enk\\\\||\\\\\000\||eng\\
=010  \\$a2003063123
=015  \\$aGBA404830$2bnb
=019  y\$abA404830
=019  9\$a1402076584
=019  0\$as692576002
=020  \\$a1402076584 :$c£105.00
=039  0\$a2774
=040  \\$aDLC$cDLC$dUk
=082  04$a515.9$222
=245  00$aFinite or infinite dimensional complex analysis and applications /$cedited by Le Hung Son, W. Tutschke, C.C. Yang.
=260  \\$aBoston, Mass. ;$aLondon :$bKluwer Academic,$cc2004.
=300  \\$axi, 381 p. ;$c25 cm.
=336  \\$atext$2rdacontent
=337  \\$aunmediated$2rdamedia
=338  \\$avolume$2rdacarrier
=490  1\$aAdvances in complex analysis and its applications ;$vv. 2
=540  \\$aBritish Library not licensed to copy$c0$5Uk
=597  \\$aEnhanced$bSRIS DDC
=650  \0$aFunctions of complex variables.
=650  \0$aAnalytic functions.
=650  \0$aClifford algebras.
=650  \0$aValue distribution theory.
=650  \0$aMathematical analysis.
=700  1\$aSon, Le Hung.
=700  1\$aTutschke, Wolfgang.
=700  1\$aYang, Zhongjun.
=830  \0$aAdvances in complex analysis and its applications ;$vv. 2.
=852  41$aBritish Library$bDSC
=852  11$aBritish Library$bSTI$k(B)$h515.9
=886  2\$2ukmarc$a900$b10$aYang$hC. C.$xSee$aYang, Zhongjun$z700/2
=886  2\$2ukmarc$a900$b10$aYang$hChung-chun$xSee$aYang, Zhongjun$z700/2
=957  \\$a031219c
=957  \\$r22/12/03$tM/36962-14
=CAT  \\$aCONV$b00$c20040425$lBLL90$h0539
=CAT  \\$aCONV$b00$c20040502$lBLL01$h1441
=CAT  \\$aBATCH$b00$c20091122$lBLL01$h1854
=CAT  \\$aBATCH$b00$c20091217$lBLL01$h0232
=CAT  \\$aBATCH-CLAB$c20220908$lBLL01$h1340
=CAT  \\$aBATCH-UPD$b00$c20220908$lBLL01$h1819
=CAT  \\$aIPL-CLA$c20220930$lBLL01$h1552
=CFI  0\$aBritish Library not licensed to copy$c0$e01-oct-2022$hC$iCFP Excluded$5Uk
=FIN  \\$aY
=FMT  \\$a  BK
=LAS  \\$aIPL-CLA$b00$c20220930$lBLL01$h1552
=LDO  \\$aCIP$bhbk
=LEO  \\$aMP5.0000343565
=LEO  \\$aMP25.0000369326
=SRC  \\$aBNB03$bbibmp5.200404.2.aa
=SRC  \\$aSRI01$bbibmp25.200404.2.aa
=SRC  \\$aLDS01$bbiblm.200404.2.aa

