=LDR  05265cas a2201105 a 4500
=001  011637180
=003  Uk
=005  20221231201758.0
=007  ta
=008  810706d19791984enk||\p\\\r\\\0\\\a0eng\\
=015  \\$aGB8120726$2bnb
=019  c\$a2201566
=019  0\$as091877032
=019  y\$aB8120726
=019  9\$a0900220872
=022  0\$a0142-2472$202
=039  0\$a1643
=040  \\$aUk$cUk$dUk
=043  \\$ae-uk---
=050  00$aQ180.G7
=082  04$a500.2072041$219
=084  \\$aBW 72$2blsrissc
=210  0\$aRes. Br. univ. polytech. coll. 1
=222  \0$aResearch in British universities, polytechnics and colleges. Volume 1. Physical sciences
=245  00$aResearch in British universities, polytechnics and colleges. Volume 1. Physical sciences.
=246  18$aRBUPC. Vol.1, Physical sciences.
=246  03$aRBUPC. Research in British universities, polytechnics and colleges. Volume 1. Physical sciences
=260  \\$aBoston Spa :$bRBUPC Office, British Library,
=300  \\$av. ;$c28 cm.
=336  \\$atext$2rdacontent
=337  \\$aunmediated$2rdamedia
=338  \\$avolume$2rdacarrier
=500  \\$aLists topics of research under broad subject headings by University, polytechnic or college, with author and subject indexes.
=500  \\$aCompiled by British Library. Lending Division, RBUPC Office.
=540  \\$aCurrent Copyright Fee: GBP25.00$c0$5Uk
=650  \0$aResearch$zGreat Britain$vDirectories.
=653  \\$aPhysical sciences$aResearch in British institutions$aDirectories$aSerials
=710  2\$aBritish Library.$bRBUPC Office.
=780  01$tScientific research in British universities and colleges$x0375-2607
=785  00$tCurrent research in Britain. Physical sciences$x0267-1948
=787  0\$tResearch in British universities, polytechnics and colleges. Volume 2. Biological sciences$x0143-0734
=787  0\$tResearch in British universities, polytechnics and colleges, government departments and other institutions. Volume 3. Social sciences$x0143-0742
=852  49$aBritish Library$bDSC$3See shelfmark 7717.650000***UKRR-Excluded-Out of Scope
=852  71$aBritish Library$bSTI$cRES$k(XP)$hBW 72$m-E(6)$2blsrissc$31979-1984***UKRR-Excluded-Out of Scope
=963  \\$a1979- *A=1$bN$cOP.1100.300.016
=985  \\$aRecord merged by DQ team
=ACF  \\$aBritish Library not licensed to copy$c0$e01-oct-2008$hC$iCLA Excluded$5Uk
=ACF  \\$aPrevious copyright fee: GBP10.50$c0$e01-jan-2011$fGBP10.50$g0$hA$5Uk
=ACF  \\$aPrevious copyright fee: GBP12.00$c0$e01-jan-2012$fGBP12.00$g0$hA$5Uk
=ACF  \\$aPrevious Copyright Fee: GBP12.30$c0$e01-jan-2014$fGBP12.30$g0$hA$5Uk
=ACF  \\$aPrevious Copyright Fee: GBP15.00$c0$e01-jan-2017$fGBP15.00$g0$hA$5Uk
=ACF  \\$aPrevious Copyright Fee: GBP17.50$c0$e01-jan-2018$fGBP17.50$g0$hA$5Uk
=ACF  \\$aPrevious Copyright Fee: GBP20.00$c0$e01-jan-2020$fGBP20.00$g0$hA$5Uk
=CAT  \\$aCONV$b00$c20040425$lBLL90$h0552
=CAT  \\$aCONV$b00$c20040502$lBLL01$h1442
=CAT  \\$a8456$b40$c20080710$lBLL01$h1739
=CAT  \\$aBATCH-CLA$b00$c20080829$lBLL01$h1852
=CAT  \\$aBATCH-UPD$b00$c20080930$lBLL01$h2356
=CAT  \\$aBATCH$b00$c20081001$lBLL01$h0114
=CAT  \\$aBATCH-UPD$b00$c20101201$lBLL01$h1239
=CAT  \\$aIPL-CLA$c20101231$lBLL01$h1426
=CAT  \\$a8456$b40$c20111107$lBLL01$h1629
=CAT  \\$aWR11_203$c20111204$lBLL01$h1437
=CAT  \\$aIPL-CLA$c20111230$lBLL01$h1930
=CAT  \\$aBATCH-CLA$b00$c20121108$lBLL01$h1736
=CAT  \\$aBATCH-CLA$c20131219$lBLL01$h1852
=CAT  \\$aIPL-CLA$c20131231$lBLL01$h2222
=CAT  \\$aWR14_140$c20140905$lBLL01$h1751
=CAT  \\$aBATCH-CLA$b00$c20161222$lBLL01$h1747
=CAT  \\$aIPL-CLA$c20161230$lBLL01$h2024
=CAT  \\$aBATCH-CLA$b00$c20171222$lBLL01$h2059
=CAT  \\$aIPL-CLA$c20171231$lBLL01$h1547
=CAT  \\$aBATCH-CLA$b00$c20191219$lBLL01$h1714
=CAT  \\$aIPL-CLA$c20191231$lBLL01$h1854
=CAT  \\$aR2001-1524$c20200127$lBLL01$h1953
=CAT  \\$aBATCH-CLA$b00$c20201204$lBLL01$h1513
=CAT  \\$aIPL-CLA$c20201231$lBLL01$h2111
=CAT  \\$aBATCH-CLA$b00$c20221221$lBLL01$h1820
=CAT  \\$aIPL-CLA$c20221231$lBLL01$h2017
=CFI  0\$aCurrent Copyright Fee: GBP25.00$c0$e01-jan-2023$fGBP25.00$g0$hA$5Uk
=CFI  2\$aPrevious Copyright Fee: GBP22.50$c0$e01-jan-2021$fGBP22.50$g0$hA$5Uk
=FIN  \\$aY
=FMT  \\$a  SE
=LAS  \\$aIPL-CLA$b00$c20221231$lBLL01$h2017
=LEO  \\$aMP22.0000005379
=LEO  \\$aMP10.0000499592
=LEO  \\$aMP25.0000012612
=LEO  \\$aMP5.0000719974
=LKR  \\$aPAR$b009546474$lBLL01$r787$mResearch in British universities, polytechnics and colleges. Volume 1. Physical sciences$nResearch in British universities, polytechnics and colleges. Volume 2. Biological sciences
=LKR  \\$aPAR$b009546475$lBLL01$r787$mResearch in British universities, polytechnics and colleges. Volume 1. Physical sciences$nResearch in British universities, polytechnics and colleges, government departments and other institutions. Volume 3. Social Sciences
=SRC  \\$aISN01$bbibmp22.200404.2.aa
=SRC  \\$aDSS01$bbibmp10.200404.2.aa
=SRC  \\$aSRI01$bbibmp25.200404.2.aa
=SRC  \\$aBNB03$bbibmp5.200404.2.ab
=TCO  \\$aCLA$bCLA$c008

