=LDR  02295 am a22006257a 4500
=001  011645371
=003  Uk
=005  20091122190100.0
=008  950124s1994\\\\enk\\\\||\\\\\001\||eng\\
=015  \\$aGB94A2590$2bnb
=019  y\$ab94A2590
=019  9\$a0862262410
=019  g\$aadv0100867545
=019  a\$aG02407862
=019  0\$as608222003
=020  \\$a0862262410 (spiral) :$c£40.00
=039  0\$a2326
=040  \\$aUk$cUk
=082  04$a608$220
=084  \\$aBF 02$2blsrissc
=100  1\$aHayward, P. A.$q(Peter A.)
=245  10$aIntellectual property research :$brelevant to science and technology policy /$creport prepared by P. A. Hayward and C. A. Greenhalgh.
=260  \\$aSwindon :$bEconomic and Social Research Council,$c1994.
=300  \\$a64p.
=336  \\$atext$2rdacontent
=337  \\$aunmediated$2rdamedia
=338  \\$avolume$2rdacarrier
=650  \0$aIntellectual property$xResearch$zGreat Britain.
=650  \0$aScience and state$zGreat Britain.
=650  \0$aTechnology and state$zGreat Britain.
=653  1\$aIntellectual property
=700  1\$aGreenhalgh, Christine.
=710  2\$aEconomic and Social Research Council (Great Britain)
=852  41$aBritish Library$bDSC
=852  71$aBritish Library$bSTI$k(B)$hBF 02$2blsrissc
=886  2\$2ukmarc$a900$b10$aGreenhalgh$hC. A.$xSee$aGreenhalgh, Christine$z700
=886  2\$2ukmarc$a910$b20$aESRC$xSee$aEconomic and Social Research Council$z710
=886  2\$2ukmarc$a910$b10$aGreat Britain$cEconomic and Social Research Council$xSee$aEconomic and Social Research Council$z710
=886  2\$2ukmarc$a910$b20$aSocial Science Research Council$eGreat Britain$xSee also$aEconomic and Social Research Council$z710
=957  \\$aCR
=966  \\$uo$lSPACQ
=CAT  \\$aCONV$b00$c20040425$lBLL90$h0610
=CAT  \\$aCONV$b00$c20040502$lBLL01$h1442
=CAT  \\$aUE-01$b00$c20050518$lBLL01$h1958
=CAT  \\$aglobal_upd$b40$c20060417$lBLL01$h1300
=CAT  \\$aBATCH$b00$c20091122$lBLL01$h1901
=FIN  \\$aY
=FMT  \\$a  BK
=LAS  \\$aBATCH$b00$c20091122$lBLL01$h1901
=LEO  \\$aMP5.0001275929
=LEO  \\$aMP8.0001113396
=LEO  \\$aMP25.0000299414
=SRC  \\$aBNB03$bbibmp5.200404.2.ac
=SRC  \\$aDSC01$bbibmp8.200404.2.ab
=SRC  \\$aSRI01$bbibmp25.200404.2.aa

