=LDR  01836 am a2200541 a 4500
=001  011648258
=003  Uk
=005  20091122190300.0
=008  001212s2000\\\\enk\\\\||\\\\\001\||eng\\
=015  \\$aGBA101580$2bnb
=019  y\$abA101580
=019  9\$abA101580
=019  0\$as663413001
=020  \\$cNo price (unbound)
=039  0\$a2622
=040  \\$aUk$cUk
=082  04$a664.5$221
=084  \\$aHQ 161$2blsrissc
=245  00$aLFRA ingredients handbook : sweeteners /$cguest editor Gordon Birch.
=250  \\$a2nd ed.
=260  \\$aLeatherhead :$bLeatherhead Food R.A.,$c2000.
=300  \\$aii,308 p. ;$c23 cm.
=336  \\$atext$2rdacontent
=337  \\$aunmediated$2rdamedia
=338  \\$avolume$2rdacarrier
=500  \\$aPrevious ed.: 1996.
=500  \\$aIn ring-binder.
=597  \\$aEnhanced$bSRIS DDC
=650  \0$aSweeteners$vHandbooks, manuals, etc.
=700  1\$aBirch, G. G.$q(Gordon Gerard),$d1934-
=710  2\$aLeatherhead International Limited.
=852  41$aBritish Library$bDSC
=852  71$aBritish Library$bSTI$k(B)$hHQ 161$2blsrissc
=886  2\$2ukmarc$a900$b10$aBirch$hGordon G.$xSee$aBirch, G. G. (Gordon Gerard),$x1934-$z700
=886  2\$2ukmarc$a910$b20$aBritish Food Manufacturing Industries Research Association$xSee$aLeatherhead Food R.A.$z710
=886  2\$2ukmarc$a910$b20$aLeatherhead International Limited$xSee$aLeatherhead Food R.A.$z710
=957  \\$a001130c
=CAT  \\$aCONV$b00$c20040425$lBLL90$h0615
=CAT  \\$aCONV$b00$c20040502$lBLL01$h1442
=CAT  \\$a9572$b40$c20040831$lBLL01$h1033
=CAT  \\$aBATCH$b00$c20091122$lBLL01$h1903
=FIN  \\$aY
=FMT  \\$a  BK
=LAS  \\$aBATCH$b00$c20091122$lBLL01$h1903
=LEO  \\$aMP5.0001461236
=LEO  \\$aMP25.0000344688
=SRC  \\$aBNB03$bbibmp5.200404.2.ac
=SRC  \\$aSRI01$bbibmp25.200404.2.aa

