=LDR  07160 as a2201489 a 4500
=001  011754042
=003  Uk
=005  20210331183952.0
=006  aac\\|||||||||||||
=007  ta
=008  000905c20009999enkm|2p|||\\\||\\\a0eng\\
=015  \\$aGBA042258$2bnb
=019  y\$abA042258
=019  9\$abA042258
=019  0\$as658574000
=019  c\$a2615071
=022  0\$a1471-5082$202
=039  0\$a2596
=040  \\$aUk$cUk
=082  04$a628.42$221
=084  \\$aSW 40$2blsrissc
=210  0\$aMCAD$b(Lond.)
=222  \0$aMCAD$b(London)
=245  00$aMCAD :$bproductivity solutions for mechanical engineers & designers.
=246  00$aMechanical computer aided design
=260  \\$aLondon (63-66 Hatton Garden, London, EC1N 8SR) :$bEDA,$c2000-
=300  \\$av. :$bill. (some col.), ports. (some col.) ;$c42 cm. +$eCD-ROMs.
=310  \\$aMonthly
=336  \\$atext$2rdacontent
=337  \\$aunmediated$2rdamedia
=338  \\$avolume$2rdacarrier
=362  0\$aVol. 20, no. 03 (Mar. 2000)-
=540  \\$aCurrent Copyright Fee: GBP0.00$c0$5Uk
=580  \\$aContinues: CADD.
=597  \\$aEnhanced$bSRIS DDC
=650  \0$aComputer-aided design$zGreat Britain$vPeriodicals.
=730  0\$aCADD,$x1362-5462.
=780  00$tCADD. Computer aided draughting and design$x1362-5462
=852  41$aBritish Library$bSTI$3VOL. 20(3), 2000- *A=1
=852  71$aBritish Library$bSTI$k(P)$hSW 40$m-E(14)$2blsrissc$32000- ; Vol.20, no.3-***Unbound issues
=852  71$aBritish Library$bSTI$cRES$k(OP)$hSW 40$m-E(14)$2blsrissc$32000- ; Vol.20, no.3-***Bound volumes
=852  71$aBritish Library$bSTI$k(TP)$hSW 40$m-E(14)$2blsrissc$32000- ; Vol.20, no.3-***Accompanying CD-ROM
=886  2\$2blmarc$a092$b00$a5413.415100n
=945  \\$aMCAD -LONDON-.
=957  \\$a000509c
=979  \\$aBritish Library$bDSC$j5413.415100N
=985  \\$aRecord merged by SUNCAT team
=A02  \\$a2615071
=ACF  \\$aPrevious Copyright Fee: GBP12.00$c0$e01-apr-2012$fGBP12.00$g0$hC$5Uk
=ACF  \\$aPrevious Copyright Fee: GBP12.00$c0$e01-jan-2012$fGBP12.00$g0$hC$5Uk
=ACF  \\$aPrevious Copyright Fee: GBP10.50$c0$e01-oct-2011$fGBP10.50$g0$hC$5Uk
=ACF  \\$aPrevious Copyright Fee: GBP10.50$c0$e01-jul-2011$fGBP10.50$g0$hC$5Uk
=ACF  \\$aPrevious Copyright Fee: GBP10.50$c0$e01-apr-2011$fGBP10.50$g0$hC$5Uk
=ACF  \\$aPrevious Copyright Fee: GBP10.50$c0$e01-jan-2011$fGBP10.50$g0$hC$5Uk
=ACF  \\$aPrevious Copyright Fee: GBP9.00$c0$e01-oct-2010$fGBP9.00$g0$hC$5Uk
=ACF  \\$aPrevious Copyright Fee: GBP9.00$c0$e01-jul-2010$fGBP9.00$g0$hC$5Uk
=ACF  \\$aPrevious Copyright Fee: GBP9.00$c0$e01-apr-2010$fGBP9.00$g0$hC$5Uk
=ACF  \\$aPrevious Copyright Fee: GBP9.00$c0$e01-Jan-2010$fGBP9.00$g0$hC$5Uk
=ACF  \\$aPrevious Copyright Fee: GBP6.00$c0$e01-oct-2009$fGBP6.00$g0$hC$5Uk
=ACF  \\$aBritish Library not licensed to copy$c0$e01-jul-2009$hC$iCLA Excluded$5Uk
=ACF  \\$aBritish Library not licensed to copy$c0$e01-apr-2009$hC$iCLA Excluded$5Uk
=ACF  \\$aBritish Library not licensed to copy$c0$e01-jan-2009$hC$iCLA Excluded$5Uk
=ACF  \\$aBritish Library not licensed to copy$c0$e01-oct-2008$hC$iCLA Excluded$5Uk
=ACF  \\$aBritish Library not licensed to copy$c0$e01-jul-2008$hC$iCLA Excluded$5Uk
=ACF  \\$aBritish Library not licensed to copy$c0$e01-apr-2008$hC$iCLA Excluded$5Uk
=ACF  \\$aBritish Library not licensed to copy$c0$e01-jan-2008$hC$iCLA Excluded$5Uk
=ACF  \\$aBritish Library not licensed to copy$c0$e01-oct-2007$hC$iCLA Excluded$5Uk
=ACF  \\$aBritish Library not licensed to copy$c0$e01-jul-2007$hC$iCLA Excluded$5Uk
=ACF  \\$aBritish Library not licensed to copy$c0$e01-apr-2007$hC$iCLA Excluded$5Uk
=ACF  \\$aBritish Library not licensed to copy$c0$e01-jan-2007$hC$iCLA Excluded$5Uk
=ACF  \\$aBritish Library not licensed to copy$c0$e01-oct-2006$hC$iCLA Excluded$5Uk
=ACF  \\$aBritish Library not licensed to copy$c0$e01-jul-2006$hC$iCLA Excluded$5Uk
=ACF  \\$aBritish Library not licensed to copy$c0$e01-apr-2006$hC$iCLA Excluded$5Uk
=ACF  \\$aBritish Library not licensed to copy$c0$e01-jan-2006$hC$iCLA Excluded$5Uk
=ACF  \\$aBritish Library not licensed to copy$c0$e01-oct-2005$hC$iCLA Excluded$5Uk
=ACF  \\$aBritish Library not licensed to copy$c0$e01-jul-2005$hC$iCLA Excluded$5Uk
=ACF  \\$aBritish Library not licensed to copy$c0$e01-apr-2005$hC$iCLA Excluded$5Uk
=ACF  \\$aBritish Library not licensed to copy$c0$e01-jan-2005$hC$iCLA Excluded$5Uk
=ACF  \\$aPrevious copyright fee: GBP5.00$c0$e01-jul-2002$fGBP5.00$g0$hA$5Uk
=ACF  \\$aCurrent copyright fee: GBP4.40$c0$e01-mar-2002$fGBP4.40$g0$hA$5Uk
=ACF  \\$aPrevious Copyright Fee: GBP12.00$c0$e01-jul-2012$fGBP12.00$g0$hC$5Uk
=ACF  \\$aPrevious Copyright Fee: GBP12.00$c0$e01-oct-2012$fGBP12.00$g0$hC$5Uk
=ACF  \\$aPrevious Copyright Fee: GBP12.30$c0$e01-jan-2014$fGBP12.30$g0$hC$5Uk
=ACF  \\$aPrevious Copyright Fee: GBP15.00$c0$e01-jan-2017$fGBP15.00$g0$hC$5Uk
=ACF  \\$aPrevious Copyright Fee: GBP17.50$c0$e01-jan-2018$fGBP17.50$g0$hC$5Uk
=ACF  \\$aPrevious Copyright Fee: GBP20.00$c0$e01-jan-2020$fGBP20.00$g0$hC$5Uk
=CAT  \\$aWR09-126
=CAT  \\$aBATCH-CLA$b00$c20110831$lBLL01$h1744
=CAT  \\$aIPL-CLA$c20110930$lBLL01$h1539
=CAT  \\$aBATCH-CLA$b00$c20111130$lBLL01$h1158
=CAT  \\$aIPL-CLA$c20111230$lBLL01$h1941
=CAT  \\$aBATCH-CLA$b00$c20120229$lBLL01$h1614
=CAT  \\$aIPL-CLA$c20120330$lBLL01$h1426
=CAT  \\$aBATCH-CLA$b00$c20120531$lBLL01$h1705
=CAT  \\$aIPL-CLA$c20120629$lBLL01$h1024
=CAT  \\$aBATCH-CLA$b00$c20120831$lBLL01$h1533
=CAT  \\$aIPL-CLA$c20120930$lBLL01$h2104
=CAT  \\$aBATCH-CLA$b00$c20121108$lBLL01$h1732
=CAT  \\$aWR13.005$c20130323$lBLL01$h1211
=CAT  \\$aBATCH-CLA$b00$c20131129$lBLL01$h1646
=CAT  \\$aIPL-CLA$c20131231$lBLL01$h2235
=CAT  \\$aWR14_140$c20140905$lBLL01$h1752
=CAT  \\$aBATCH-CLA$b00$c20161130$lBLL01$h1640
=CAT  \\$aIPL-CLA$c20161230$lBLL01$h2034
=CAT  \\$aBATCH-CLA$b00$c20171130$lBLL01$h1706
=CAT  \\$aIPL-CLA$c20171231$lBLL01$h1554
=CAT  \\$aBATCH-CLA$b00$c20191129$lBLL01$h1614
=CAT  \\$aIPL-CLA$c20191231$lBLL01$h1859
=CAT  \\$aBATCH-CLA$b00$c20201126$lBLL01$h1414
=CAT  \\$aIPL-CLA$c20201231$lBLL01$h2118
=CAT  \\$aBATCH-CLA$b00$c20210227$lBLL01$h1013
=CAT  \\$aIPL-CLA$c20210331$lBLL01$h1839
=CFI  0\$aCurrent Copyright Fee: GBP0.00$c0$e01-apr-2021$fGBP0.00$g0$hC$5Uk
=CFI  2\$aPrevious Copyright Fee: GBP22.50$c0$e01-jan-2021$fGBP22.50$g0$hC$5Uk
=FIN  \\$aY
=FMT  \\$a  SE
=LAS  \\$aIPL-CLA$b00$c20210331$lBLL01$h1839
=LEO  \\$aMP5.0001456635
=LEO  \\$aMP22.0000064897
=LEO  \\$aMP25.0000340309
=LEO  \\$aMP10.0000361906
=SRC  \\$aBNB03$bbibmp5.200404.2.ac
=SRC  \\$aISN01$bbibmp22.200404.2.aa
=SRC  \\$aSRI01$bbibmp25.200404.2.aa
=SRC  \\$aDSS01$bbibmp10.200404.2.aa
=SSD  \\$a25500{dollar}aVol. 20, no. 03 (Mar. 2000)-; 50300{dollar}aContinues: CADD; 74500{dollar}aCADD{dollar}w1362-5462
=TCO  \\$aCLA$bCLA$c008

