=LDR  05022cas a2201117 a 4500
=001  011754358
=003  Uk
=005  20221231202349.0
=008  980206c199u9999enk|||p|||\\\\0\\\|0eng\\
=015  \\$aGB9812871$2bnb
=019  y\$ab9812871
=019  9\$ab9812871
=019  0\$as635984008
=019  c\$a2568374
=039  0\$a2478
=040  \\$aUk$cUk
=082  04$a338.7616649$221
=084  \\$aHR 02$2blsrissc
=245  00$aMeat bulletin :$bhighlighting UK media coverage of meat and poultry-related issues.
=260  \\$aLeatherhead (Randalls Rd, Leatherhead, Surrey KT22 7RY) :$bScientific and Technical Information Section, Leatherhead Food Research Association,$c[199-?]-
=300  \\$av. ;$c30cm.
=336  \\$atext$2rdacontent
=337  \\$aunmediated$2rdamedia
=338  \\$avolume$2rdacarrier
=362  0\$a[199-?]-
=500  \\$aDescription based on: Nov. 1997 issue.
=540  \\$aCurrent Copyright Fee: GBP25.00$c0$5Uk
=595  \\$aSEE ALSO CARD INDEX.
=597  \\$aEnhanced$bSRIS DDC
=650  \0$aMeat industry and trade$xHealth aspects$xPeriodicals.
=650  \0$aMeat$xContamination$xPeriodicals.
=650  \0$aPoultry industry$xHealth aspects$xPeriodicals.
=690  7\$aManagement and Business Studies$2blcoll
=710  2\$aLeatherhead Food R.A..$bScientific & Technical Information Section.
=852  41$aBritish Library$bSTI$3NOV. 1997- DEC. 1997 *A=1
=852  71$aBritish Library$bSTI$k(P)$hHR 02$m-E(38)$2blsrissc$3NOV-DEC 1997
=886  2\$2ukmarc$a910$b20$aLeatherhead Food R.A$cInformation Group Services$cScientific & Technical Information Section$xSee$aLeatherhead Food R.A..$xScientific & Technical Information Section$z710
=886  2\$2ukmarc$a910$b20$aLeatherhead Food R.A$cScience & Technology Information$xSee$aLeatherhead Food R.A..$xScientific & Technical Information Section$z710
=886  2\$2ukmarc$a910$b20$aLeatherhead Food R.A.$cScience and Technical Information$xSee$aLeatherhead Food R.A..$xScientific & Technical Information Section$z710
=886  2\$2blmarc$a092$b00$a5413.682000n
=945  \\$aMEAT BULLETIN.
=957  \\$a971212c
=963  \\$aJUNE 1997- *A=1$bN$cU
=979  \\$aBritish Library$bDSC$j5413.682000N
=985  \\$aRecord merged by SUNCAT team
=A02  \\$a2568374
=ACF  \\$aPrevious copyright fee: GBP9.00$c0$e01-apr-2010$fGBP9.00$g0$hA$5Uk
=ACF  \\$aPrevious copyright fee: GBP6.00$c0$e01-apr-2008$fGBP6.00$g0$hA$5Uk
=ACF  \\$aPrevious copyright fee: GBP5.00$c0$e01-jul-2002$fGBP5.00$g0$hA$5Uk
=ACF  \\$aCurrent copyright fee: GBP4.40$c0$e01-jul-1998$fGBP4.40$g0$hA$5Uk
=ACF  \\$aCurrent copyright fee: GBP4.20$c0$e24-jun-1998$fGBP4.20$g0$hA$5Uk
=ACF  \\$aPrevious copyright fee: GBP10.50$c0$e01-jan-2011$fGBP10.50$g0$hA$5Uk
=ACF  \\$aPrevious copyright fee: GBP12.00$c0$e01-jan-2012$fGBP12.00$g0$hA$5Uk
=ACF  \\$aPrevious Copyright Fee: GBP12.30$c0$e01-jan-2014$fGBP12.30$g0$hA$5Uk
=ACF  \\$aPrevious Copyright Fee: GBP15.00$c0$e01-jan-2017$fGBP15.00$g0$hA$5Uk
=ACF  \\$aPrevious Copyright Fee: GBP17.50$c0$e01-jan-2018$fGBP17.50$g0$hA$5Uk
=ACF  \\$aPrevious Copyright Fee: GBP20.00$c0$e01-jan-2020$fGBP20.00$g0$hA$5Uk
=CAT  \\$aCONV$b00$c20040425$lBLL90$h0706
=CAT  \\$aBATCH-UPD$b00$c20100331$lBLL01$h2301
=CAT  \\$aBATCH-UPD$b00$c20100401$lBLL01$h0226
=CAT  \\$aBATCH$b00$c20100401$lBLL01$h0527
=CAT  \\$aBATCH$b00$c20100401$lBLL01$h1556
=CAT  \\$aBATCH-UPD$b00$c20101124$lBLL01$h1921
=CAT  \\$aBATCH-UPD$b00$c20101125$lBLL01$h1147
=CAT  \\$aIPL-CLA$c20101231$lBLL01$h1435
=CAT  \\$aWR11_203$c20111204$lBLL01$h1444
=CAT  \\$aIPL-CLA$c20111230$lBLL01$h1941
=CAT  \\$aBATCH-CLA$b00$c20121108$lBLL01$h1732
=CAT  \\$aWR13.005$c20130323$lBLL01$h1211
=CAT  \\$aBATCH-CLA$c20131219$lBLL01$h1901
=CAT  \\$aIPL-CLA$c20131231$lBLL01$h2236
=CAT  \\$aWR14_140$c20140905$lBLL01$h1752
=CAT  \\$aBATCH-CLA$b00$c20161222$lBLL01$h1750
=CAT  \\$aIPL-CLA$c20161230$lBLL01$h2034
=CAT  \\$aBATCH-CLA$b00$c20171222$lBLL01$h2104
=CAT  \\$aIPL-CLA$c20171231$lBLL01$h1555
=CAT  \\$aBATCH-CLA$b00$c20191219$lBLL01$h1717
=CAT  \\$aIPL-CLA$c20191231$lBLL01$h1859
=CAT  \\$aR2001-1524$c20200127$lBLL01$h1954
=CAT  \\$aBATCH-CLA$b00$c20201204$lBLL01$h1516
=CAT  \\$aIPL-CLA$c20201231$lBLL01$h2118
=CAT  \\$aBATCH-CLA$b00$c20221221$lBLL01$h1823
=CAT  \\$aIPL-CLA$c20221231$lBLL01$h2023
=CFI  0\$aCurrent Copyright Fee: GBP25.00$c0$e01-jan-2023$fGBP25.00$g0$hA$5Uk
=CFI  2\$aPrevious Copyright Fee: GBP22.50$c0$e01-jan-2021$fGBP22.50$g0$hA$5Uk
=FIN  \\$aY
=FMT  \\$a  SE
=LAS  \\$aIPL-CLA$b00$c20221231$lBLL01$h2023
=LEO  \\$aMP5.0001496974
=LEO  \\$aMP25.0000320149
=LEO  \\$aMP10.0000362379
=SRC  \\$aBNB03$bbibmp5.200404.2.ac
=SRC  \\$aSRI01$bbibmp25.200404.2.aa
=SRC  \\$aDSS01$bbibmp10.200404.2.aa
=SSD  \\$a25500{dollar}a[199-?]-
=TCO  \\$aCLA$bCLA$c008

