=LDR  05664cas a2201225 a 4500
=001  011786242
=003  Uk
=005  20221231203019.0
=006  aac\\|||||||||||||
=007  ta
=008  031028d20032007enkar\p\\\r\\\0\\\a0eng\\
=015  \\$aGBA376819$2bnb
=019  y\$abA376819
=019  9\$abA376819
=019  0\$as690730004
=019  c\$a3018978
=039  0\$a2766
=040  \\$aUk$beng$cUk$dUk
=042  \\$aukblsr
=082  04$a338.7669610294411$221
=084  \\$aAA 646$2blsrissc
=110  2\$aScottish and Northern Ireland Plumbing Employers' Federation.
=240  10$aYear book and directory of members (Scottish and Northern Ireland Plumbing Employers' Federation)
=245  10$aYearbook and directory of members ... /$cScottish & Northern Ireland Plumbing Employers' Federation.
=246  3\$aSNIPEF yearbook
=260  \\$aWallington (106 Stafford Rd., Wallington, Surrey SM6 9AY) :$bBurrows Communications,$c2003-2007.
=300  \\$av. :$bcol. ill., col. ports. ;$c22 cm.
=336  \\$atext$2rdacontent
=337  \\$aunmediated$2rdamedia
=338  \\$avolume$2rdacarrier
=362  0\$a2003-2007.
=500  \\$aRunning title: SNIPEF yearbook.
=540  \\$aCurrent Copyright Fee: GBP25.00$c0$5Uk
=580  \\$aContinues: Scottish and Northern Ireland Plumbing Employers' Federation. Federation year book.
=595  \\$aFORMERLY 3902.0357.
=597  \\$aEnhanced$bSRIS DDC
=610  24$aScottish and Northern Ireland Plumbing Employers' Federation$vDirectories.
=650  \0$aPlumbers$vDirectories.$zNorthern Ireland
=650  \0$aPlumbers$zScotland$vDirectories.
=650  \0$aHeating equipment industry$zNorthern Ireland$vDirectories.
=650  \0$aHeating equipment industry$zScotland$vDirectories.
=690  7\$aManagement and Business Studies$2blcoll
=710  2\$aScottish and Northern Ireland Plumbing Employers' Federation.$tFederation year book.
=785  00$aScottish and Northern Ireland Plumbing Employers' Federation.$tYearbook & directory$x1757-4862
=852  41$aBritish Library$bSTI$32003- *A=1
=852  11$aBritish Library$bSTI$k(B) DIR$h338.7669610294411$mBusiness$32003-2007***Current issue
=852  71$aBritish Library$bSTI$cRES$k(XP)$hAA 646$m-E(27)$2blsrissc$32003- ; 2003-***Earlier issues
=886  2\$2ukmarc$a910$b20$aSNIPEF$xSee$aScottish and Northern Ireland Plumbing Employers' Federation$z110
=886  2\$2ukmarc$a910$b20$aSNIPEF$xSee$aScottish and Northern Ireland Plumbing Employers' Federation$z610
=886  2\$2ukmarc$a910$b20$aSNIPEF$xSee$aScottish and Northern Ireland Plumbing Employers' Federation$z710
=886  2\$2blmarc$a092$b00$a9407.900200n
=945  \\$aYEARBOOK AND DIRECTORY OF MEMBERS- SCOTTISH AND NORTHERN IRELAND PLUMBING EMPLOYERS FEDERATION.
=957  \\$a030819c
=979  \\$aBritish Library$bDSC$j9407.900200N
=985  \\$aRecord merged by SUNCAT Team
=985  \\$aRecord merged by SUNCAT team
=A02  \\$a3018978
=ACF  \\$aPrevious copyright fee: GBP9.00$c0$e01-apr-2010$fGBP9.00$g0$hA$5Uk
=ACF  \\$aPrevious copyright fee: GBP6.00$c0$e01-apr-2008$fGBP6.00$g0$hA$5Uk
=ACF  \\$aPrevious copyright fee: GBP5.00$c0$e25-sep-2003$fGBP5.00$g0$hA$5Uk
=ACF  \\$aPrevious copyright fee: GBP10.50$c0$e01-jan-2011$fGBP10.50$g0$hA$5Uk
=ACF  \\$aPrevious copyright fee: GBP12.00$c0$e01-jan-2012$fGBP12.00$g0$hA$5Uk
=ACF  \\$aPrevious Copyright Fee: GBP12.30$c0$e01-jan-2014$fGBP12.30$g0$hA$5Uk
=ACF  \\$aPrevious Copyright Fee: GBP15.00$c0$e01-jan-2017$fGBP15.00$g0$hA$5Uk
=ACF  \\$aPrevious Copyright Fee: GBP17.50$c0$e01-jan-2018$fGBP17.50$g0$hA$5Uk
=ACF  \\$aPrevious Copyright Fee: GBP20.00$c0$e01-jan-2020$fGBP20.00$g0$hA$5Uk
=CAT  \\$aCONV$b00$c20040425$lBLL90$h0712
=CAT  \\$aBATCH-UPD$b00$c20100331$lBLL01$h2311
=CAT  \\$aBATCH-UPD$b00$c20100401$lBLL01$h0234
=CAT  \\$aBATCH$b00$c20100401$lBLL01$h0537
=CAT  \\$aBATCH$b00$c20100401$lBLL01$h1607
=CAT  \\$aBATCH-UPD$b00$c20101124$lBLL01$h1930
=CAT  \\$aBATCH-UPD$b00$c20101125$lBLL01$h1158
=CAT  \\$aIPL-CLA$c20101231$lBLL01$h1448
=CAT  \\$aWR11_203$c20111204$lBLL01$h1453
=CAT  \\$aIPL-CLA$c20111230$lBLL01$h1953
=CAT  \\$aBATCH-CLA$b00$c20121109$lBLL01$h1743
=CAT  \\$aWR13.005$c20130323$lBLL01$h1227
=CAT  \\$aBATCH-CLA$c20131220$lBLL01$h1958
=CAT  \\$aIPL-CLA$c20131231$lBLL01$h2253
=CAT  \\$aWR14_140$c20140905$lBLL01$h1753
=CAT  \\$aBATCH-CLA$b00$c20161222$lBLL01$h1753
=CAT  \\$aIPL-CLA$c20161230$lBLL01$h2046
=CAT  \\$aBATCH-CLA$b00$c20171222$lBLL01$h2111
=CAT  \\$aIPL-CLA$c20171231$lBLL01$h1604
=CAT  \\$aBATCH-CLA$b00$c20191219$lBLL01$h1721
=CAT  \\$aIPL-CLA$c20191231$lBLL01$h1907
=CAT  \\$aR2001-1524$c20200127$lBLL01$h1956
=CAT  \\$aBATCH-CLA$b00$c20201204$lBLL01$h1520
=CAT  \\$aIPL-CLA$c20201231$lBLL01$h2127
=CAT  \\$aBATCH-CLA$b00$c20221221$lBLL01$h1827
=CAT  \\$aIPL-CLA$c20221231$lBLL01$h2030
=CFI  0\$aCurrent Copyright Fee: GBP25.00$c0$e01-jan-2023$fGBP25.00$g0$hA$5Uk
=CFI  2\$aPrevious Copyright Fee: GBP22.50$c0$e01-jan-2021$fGBP22.50$g0$hA$5Uk
=FIN  \\$aY
=FMT  \\$a  SE
=LAS  \\$aIPL-CLA$b00$c20221231$lBLL01$h2030
=LEO  \\$aMP5.0000027066
=LEO  \\$aMP25.0000367615
=LEO  \\$aMP10.0000622215
=SRC  \\$aBNB03$bbibmp5.200404.2.aa
=SRC  \\$aSRI01$bbibmp25.200404.2.aa
=SRC  \\$aDSS01$bbibmp10.200404.2.aa
=SSD  \\$a25500{dollar}a2003-; 50300{dollar}aContinues: Scottish and Northern Ireland Plumbing Employers' Federation. Federation year book; 74510{dollar}aSNIPEF yearbook
=TCO  \\$aCLA$bCLA$c008

