=LDR  01558cas a2200421ua 4500
=001  012090967
=003  Uk
=005  20090618155148.0
=008  840522d19241925enk\|\\\\\a\\\0\\\a0eng\\
=019  0\$as005379016
=019  c\$a2012069
=040  \\$aUk$cUk
=084  \\$aLT 015$2blsrissc
=110  2\$aBureau of Chemical Abstracts.
=245  10$aAbstracts of chemical papers.$pB, Applied chemistry.
=260  \\$aLondon :$bBureau of Chemical Abstracts,$c1924-1925.
=300  \\$av. ;$c22 cm.
=336  \\$atext$2rdacontent
=337  \\$aunmediated$2rdamedia
=338  \\$avolume$2rdacarrier
=580  \\$aPart replacement of abstracts section of "Society of Chemical Industry, Journal", q.v., forming vol.126 and 128 of the Journal.
=710  2\$aBureau of Chemical Abstracts.
=780  11$tJournal of the Society of Chemical Industry. Abstracts,$x0368-1572
=785  00$tBritish chemical abstracts. B, Applied chemistry,
=852  49$aBritish Library$bDSC$3See shelfmark 4882.804000***UKRR-Excluded-Out of Scope
=852  71$aBritish Library$bSTI$k(P)$hLT 00$m-E(13)$2blsrissc$3Vol. 43, 1924-vol. 44, 1925
=CAT  \\$aCONV$b00$c20040425$lBLL90$h0851
=CAT  \\$aCONV$b00$c20040502$lBLL01$h1456
=CAT  \\$a8456$b40$c20090618$lBLL01$h1551
=CAT  \\$aBATCH$b00$c20091123$lBLL01$h0059
=FIN  \\$aY
=FMT  \\$a  SE
=LAS  \\$aBATCH$b00$c20091123$lBLL01$h0059
=LEO  \\$aMP25.0000000428
=LEO  \\$aMP10.0000026905
=SRC  \\$aSRI01$bbibmp25.200404.2.aa
=SRC  \\$aDSS01$bbibmp10.200404.2.aa
=TCO  \\$aCLA$bCLA$c008

