=LDR  01858 as a2200505 a 4500
=001  012091184
=003  Uk
=005  20070524152003.0
=007  ta
=008  850129d19151943gw\mr\p\\\\\\\0\\\b0ger\\
=019  0\$as008222010
=022  0\$a0863-1778
=040  \\$aUk$cUk$dUk
=082  04$a546$221
=084  \\$aJH 20$2blsrissc
=210  0\$aZ. anorg. allg. Chem.$b(1915)
=222  \0$aZeitschrift für anorganische und allgemeine Chemie$b(1915)
=245  00$aZeitschrift für anorganische und allgemeine Chemie.
=260  \\$aLeipzig :$bJ.A. Barth,$c1915-1943
=300  \\$av. :$bill. ;$c23 cm.
=336  \\$atext$2rdacontent
=337  \\$aunmediated$2rdamedia
=338  \\$avolume$2rdacarrier
=500  \\$aPublisher varies.
=555  \\$aCumulative index.
=650  \0$aChemistry, Inorganic$vPeriodicals.
=650  \0$aChemistry$vPeriodicals.
=780  00$tZeitschrift für anorganische Chemie (1892)$x0863-1786
=785  00$tZeitschrift für anorganische Chemie (1943)$x0372-7874
=852  49$aBritish Library$bDSC$3See shelfmark 9452.000000 for bd. 92, 1915- 251, 1943
=852  71$aBritish Library$bSTI$k(P)$hJH 20$m-G(1)$2blsrissc$3Bd. 92 (1915)-Bd. 251 (Juli 1943); Deficient: Bd.246, Heft 1-3, 1941; Bd.253, [1945?]; Bd.254, Heft 1-4, 1947; Bd.259, Heft 1-4, 1949
=985  \\$aRecord upgraded by SUNCAT team
=CAT  \\$aCONV$b00$c20040425$lBLL90$h0851
=CAT  \\$aCONV$b00$c20040502$lBLL01$h1456
=CAT  \\$a5997$b40$c20070524$lBLL01$h1159
=CAT  \\$a5997$b40$c20070524$lBLL01$h1343
=CAT  \\$a5997$b40$c20070524$lBLL01$h1350
=CAT  \\$a5997$b40$c20070524$lBLL01$h1520
=CAT  \\$aBATCH$b00$c20091210$lBLL01$h0649
=FIN  \\$aY
=FMT  \\$a  SE
=LAS  \\$aBATCH$b00$c20091210$lBLL01$h0649
=LEO  \\$aMP25.0000000665
=SRC  \\$aSRI01$bbibmp25.200404.2.aa
=TCO  \\$aDEU$bVG WORT$c008

