=LDR  01941 as a2200505 a 4500
=001  012091301
=003  Uk
=005  20090709144013.0
=007  ta
=008  761124d19641968enkwr\p\\\\\\\0\\\a0eng\\
=019  0\$as00975900x
=040  \\$aUk$cUk$dUk
=082  0\$a635.905$219
=084  \\$aDT 53$2blsrissc
=130  0\$aGardeners chronicle (London, England : 1964)
=245  10$aGardeners chronicle.
=260  \\$aLondon :$bHaymarket Publishing,$c1964-1968.
=300  \\$a10 v. :$bill. ;$c31 cm.
=310  \\$aWeekly
=336  \\$atext$2rdacontent
=337  \\$aunmediated$2rdamedia
=338  \\$avolume$2rdacarrier
=362  0\$aVol. 155, no. 8 (Feb. 22, 1964)-v. 164, no. 26 (Dec. 27, 1968).
=650  \0$aOrnamental horticulture$vPeriodicals.
=650  \0$aHorticulture$vPeriodicals.
=650  \0$aPlants, Ornamental$vPeriodicals.
=650  \0$aOrnamental horticulture$zGreat Britain$vPeriodicals.
=650  \0$aHorticulture$zGreat Britain$vPeriodicals.
=650  \0$aPlants, Ornamental$zGreat Britain$vPeriodicals.
=780  00$tGardeners chronicle, gardening illustrated & the greenhouse
=785  00$tGardeners chronicle & new horticulturist
=852  49$aBritish Library$bDSC$3See shelfmark 4071.260000
=852  71$aBritish Library$bSTI$k(P)$hDT 53$m-E(3)$2blsrissc$31964-1976; Vol.155-164; vol.166, no.15 - vol.180, no.14 ; Deficient: vol.167, no.7; vol.168, no.5, 6, 8, 1970
=CAT  \\$aCONV$b00$c20040425$lBLL90$h0851
=CAT  \\$aCONV$b00$c20040502$lBLL01$h1456
=CAT  \\$aglobal_upd$b40$c20060417$lBLL01$h1841
=CAT  \\$a8201$b40$c20090709$lBLL01$h1440
=CAT  \\$aBATCH$b00$c20091210$lBLL01$h0649
=FIN  \\$aY
=FMT  \\$a  SE
=LAS  \\$aBATCH$b00$c20091210$lBLL01$h0649
=LEO  \\$aMP25.0000000784
=LKR  \\$aPAR$b012091302$lBLL01$r78500$mGardeners chronicle.$nGardeners chronicle & new horticulturist.
=SRC  \\$aSRI01$bbibmp25.200404.2.aa
=TCO  \\$aCLA$bCLA$c008

