=LDR  01541 as a22004217a 4500
=001  012091541
=003  Uk
=005  20070703142133.0
=007  ta
=008  830810d18581871stkar\p|||\\\|0\\\a0eng\\
=019  0\$as014334003
=040  \\$aUk$cUk$dUk
=084  \\$aVQ 00$2blsrissc
=084  \\$aSR 00$2blsrissc
=110  2\$aInstitution of Engineers in Scotland.
=245  10$aTransactions of the Institution of Engineers in Scotland.
=260  \\$aGlasgow,$c1858-1871.
=300  \\$c23cm.
=336  \\$atext$2rdacontent
=337  \\$aunmediated$2rdamedia
=338  \\$avolume$2rdacarrier
=555  \\$aCumulative index.
=785  00$tTransactions of the Institution of Engineers and Shipbuilders in Scotland$x0020-3289
=852  49$aBritish Library$bDSC$3see shelfmark 8964.200000 for vol. 5, 1861/1862- 139, 1997 *A=1
=852  71$aBritish Library$bSTI$k(P)$hVQ 00$m-E(7)$2blsrissc$31858-1871; Vol.1, 1857/58 _ vol.14, 1870/71.
=968  \\$aR
=985  \\$a110 not in BLL10 or 12
=CAT  \\$aCONV$b00$c20040425$lBLL90$h0851
=CAT  \\$aCONV$b00$c20040502$lBLL01$h1456
=CAT  \\$a8201$b40$c20070703$lBLL01$h1421
=CAT  \\$aBATCH$b00$c20091210$lBLL01$h0649
=FIN  \\$aY
=FMT  \\$a  SE
=LAS  \\$aBATCH$b00$c20091210$lBLL01$h0649
=LEO  \\$aMP25.0000001032
=LKR  \\$aPAR$b011140832$lBLL01$r78500$mTransactions of the Institution of Engineers in Scotland.$nTransactions of the Institution of Engineers and Shipbuilders in Scotland
=SRC  \\$aSRI01$bbibmp25.200404.2.aa
=TCO  \\$aCLA$bCLA$c008

