=LDR  01650 as a2200469 a 4500
=001  012091646
=003  Uk
=005  20090223143802.0
=007  ta
=008  841002d190719uuenkmr\p\\\\\\\0\\\a0eng\\
=019  0\$as015755010
=019  c\$a2038640
=040  \\$aUk$cUk$dUk
=084  \\$aQQ 20$2blsrissc
=245  04$aThe British journal of photography monthly supplement on colour photography.
=260  \\$aLondon :$bH. Greenwood,$c1907-
=300  \\$av. :$bill. ;$c30 cm.
=310  \\$aMonthly
=336  \\$atext$2rdacontent
=337  \\$aunmediated$2rdamedia
=338  \\$avolume$2rdacarrier
=362  0\$aJune 7, 1907-
=515  \\$aVol. and issue numbering begins with: Vol. 1, no. 12 (Dec. 6, 1907).
=650  \0$aPhotography$vPeriodicals.
=730  0\$aBritish journal of photography.
=772  0\$tBritish journal of photography$x0007-1196
=780  00$tColour photography
=852  49$aBritish Library$bDSC$3See shelfmark 2317.00000
=852  71$aBritish Library$bSTI$k(P)$hQQ 20$m-E(6)$2blsrissc$31910-1934; Vol.4-28. No.27-327.
=CAT  \\$aCONV$b00$c20040425$lBLL90$h0851
=CAT  \\$aCONV$b00$c20040502$lBLL01$h1456
=CAT  \\$a6537$b40$c20090223$lBLL01$h1438
=CAT  \\$aBATCH$b00$c20091210$lBLL01$h0649
=FIN  \\$aY
=FMT  \\$a  SE
=LAS  \\$aBATCH$b00$c20091210$lBLL01$h0649
=LEO  \\$aMP10.0000110761
=LEO  \\$aMP25.0000001140
=LKR  \\$aPAR$b009542429$lBLL01$r772$mThe British journal of photography monthly supplement on colour photography.$nBritish journal of photography
=SRC  \\$aDSS01$bbibmp10.200404.2.aa
=SRC  \\$aSRI01$bbibmp25.200404.2.aa
=TCO  \\$aCLA$bCLA$c008

