=LDR  01852 as a2200493 a 4500
=001  012092177
=003  Uk
=005  20080618142352.0
=007  ta
=008  851112d18951903gw\uu\p\\\\\\\0\\\b0ger\\
=019  0\$as024244015
=040  \\$aUk$cUk$dUk
=084  \\$aKT 00$2blsrissc
=084  \\$aLG 30$2blsrissc
=130  0\$aZeitschrift für Elektrochemie (Halle an der Saale, Germany)
=245  10$aZeitschrift für Elektrochemie.
=260  \\$aHalle :$bW. Knapp,$c1895-1903.
=300  \\$a8 v. :$bill., ports. ;$c28-30 cm.
=336  \\$atext$2rdacontent
=337  \\$aunmediated$2rdamedia
=338  \\$avolume$2rdacarrier
=362  0\$a2. Jahrg., Nr. 1 (Apr. 5, 1895)-9. Jahrg., Nr. 51 (Dez. 17, 1903).
=500  \\$a"Organ der Deutschen Elektrochemischen Gesellschaft."
=555  \\$aAuthor index: Vols. 1 (1894)-10 (1904). 1v.
=650  \0$aElectrochemistry, Industrial$vPeriodicals.
=650  \0$aChemistry, Technical$vPeriodicals.
=650  \0$aChemistry, Physical and theoretical$vPeriodicals.
=710  2\$aDeutsche Elektrochemische Gesellschaft.
=780  00$tZeitschrift für Elektrotechnik und Elektrochemie
=785  00$tZeitschrift für Elektrochemie und angewandte physikalische Chemie
=852  49$aBritish Library$bDSC$3See shelfmark 9458.000000 for 1895-1903
=852  71$aBritish Library$bSTI$k(P)$hKT 00$m-E(32)$2blsrissc$3Jahrg.2, 1895-9, 1903
=985  \\$aRecord enhanced by DQ team
=CAT  \\$aCONV$b00$c20040425$lBLL90$h0851
=CAT  \\$aCONV$b00$c20040502$lBLL01$h1456
=CAT  \\$a8456$b40$c20080618$lBLL01$h1417
=CAT  \\$a8456$b40$c20080618$lBLL01$h1423
=CAT  \\$aBATCH$b00$c20091210$lBLL01$h0649
=FIN  \\$aY
=FMT  \\$a  SE
=LAS  \\$aBATCH$b00$c20091210$lBLL01$h0649
=LEO  \\$aMP25.0000001777
=SRC  \\$aSRI01$bbibmp25.200404.2.aa
=TCO  \\$aDEU$bVG WORT$c008

