=LDR  02641 as a2200601 a 4500
=001  012092178
=003  Uk
=005  20080618141742.0
=007  ta
=008  851112d19041951gw\uu\p\\\\\\\0\\\b0ger\\
=019  0\$as024244023
=019  c\$a2180622
=040  \\$aUk$cUk$dUk
=084  \\$aKT 00$2blsrissc
=084  \\$aLG 30$2blsrissc
=245  00$aZeitschrift für Elektrochemie und angewandte physikalische Chemie.
=246  16$aZeitschrift für Elektrochemie
=260  \\$aHalle :$bWilhelm Knapp,$c1904-1951.
=300  \\$a47 v. :$bill., ports. ;$c28-30 cm.
=336  \\$atext$2rdacontent
=337  \\$aunmediated$2rdamedia
=338  \\$avolume$2rdacarrier
=362  0\$a[Bd.] 10, Nr. 1 (Jan. 1, 1904)-Bd. 55, Nr. 8 (Dez. 1951).
=500  \\$a"Herausgegeben von der Deutsche Bunsen-Gesellschaft für Angewandte."
=500  \\$aImprint varies: -1951, Weinheim, Verlag Chemie.
=515  \\$aVols. 12 (1906)-55 (1951) called Band on cover, but Jahrg. on volume title page.
=550  \\$aVols. for 1904- issued by the Deutsche Bunsen-Gesellschaft für Angewandte Physikalische Chemie; -Dez. 1951 by the Deutsche Bunsengesellschaft.
=555  \\$aAuthor index. Vols. 11 (1905)-30 (1924). 1 v.
=650  \0$aElectrochemistry, Industrial$vPeriodicals.
=650  \0$aChemistry, Technical$vPeriodicals.
=650  \0$aChemistry, Physical and theoretical$vPeriodicals.
=710  2\$aDeutsche Bunsengesellschaft.
=710  2\$aDeutsche Bunsen-Gesellschaft für Angewandte Physikalische Chemie.
=780  00$tZeitschrift für Elektrochemie (Halle an der Saale, Germany)
=785  00$tZeitschrift für Elektrochemie (Weinheim an der Bergstrasse, Germany)
=852  49$aBritish Library$bDSC$3See shelfmark 9458.000000 for 1904-1951
=852  71$aBritish Library$bSTI$k(P)$hKT 00$m-E(32)$2blsrissc$3Jahrg.10, 1904-55, 1951 ; Deficient: Jahrg.42, 1936
=985  \\$aRecord merged by DQ team
=CAT  \\$aCONV$b00$c20040425$lBLL90$h0851
=CAT  \\$aCONV$b00$c20040502$lBLL01$h1456
=CAT  \\$a8456$b40$c20080618$lBLL01$h1405
=CAT  \\$a8456$b40$c20080618$lBLL01$h1417
=CAT  \\$aBATCH-UPD$b40$c20081219$lBLL01$h0014
=CAT  \\$aBATCH$b00$c20091210$lBLL01$h0649
=FIN  \\$aY
=FMT  \\$a  SE
=LAS  \\$aBATCH$b00$c20091210$lBLL01$h0649
=LEO  \\$aMP10.0000625009
=LEO  \\$aMP25.0000001778
=LKR  \\$aPAR$b012092177$lBLL01$r78000$mZeitschrift für Elektrochemie und angewandte physikalische Chemie.$nZeitschrift für Elektrochemie (Halle an der Saale, Germany)
=SRC  \\$aDSS01$bbibmp10.200404.2.aa
=SRC  \\$aSRI01$bbibmp25.200404.2.aa
=TCO  \\$aDEU$bVG WORT$c008

