=LDR  01686 as a2200493 a 4500
=001  012092291
=003  Uk
=005  20080616141049.0
=007  ta
=008  831108d19501957enkuu\p|||\\\|0\\\a0eng\\
=019  0\$as025572016
=040  \\$aUk$cUk$dUk
=082  04$a543.00941$219
=084  \\$aJF 50$2blsrissc
=084  \\$aJE 042$2blsrissc
=110  1\$aGreat Britain.$bDepartment of the Government Chemist.
=245  10$aReport.
=260  \\$aLondon :$bH.M.S.O.,$c1950-1957.
=300  \\$c24 cm.
=336  \\$atext$2rdacontent
=337  \\$aunmediated$2rdamedia
=338  \\$avolume$2rdacarrier
=650  \0$aChemistry, Analytic$vPeriodicals.
=780  00$tReport of the Government Chemist
=785  00$tReport of the Government Chemist$x0307-6814
=852  49$aBritish Library$bDSC$3See shelfmark 7491.850000
=852  71$aBritish Library$bSTI$k(P)$hJF 50$m-E(1)$2blsrissc$31950-1957; 1950-57 ; Deficient : 1955
=968  \\$aC
=985  \\$aRecord amended for WR# 13/070
=CAT  \\$aCONV$b00$c20040425$lBLL90$h0851
=CAT  \\$aCONV$b00$c20040502$lBLL01$h1456
=CAT  \\$a5194$b40$c20050411$lBLL01$h1542
=CAT  \\$aUE-01$b00$c20050411$lBLL01$h1544
=CAT  \\$a8201$b40$c20080616$lBLL01$h1410
=CAT  \\$aBATCH$b00$c20091210$lBLL01$h0649
=CAT  \\$aWR13_070$b00$c20130504$lBLL01$h0227
=FIN  \\$aY
=FMT  \\$a  SE
=LAS  \\$aWR13_070$b00$c20130504$lBLL01$h0227
=LEO  \\$aMP25.0000001899
=LKR  \\$aPAR$b012092290$lBLL01$r78000$mReport.$nReport of the Government Chemist.
=LKR  \\$aPAR$b007201005$lBLL01$r78500$mReport.$nReport of the Government Chemist
=SRC  \\$aSRI01$bbibmp25.200404.2.aa
=TCO  \\$aCLA$bCLA$c008

