=LDR  01594 as a2200457 a 4500
=001  012092880
=003  Uk
=005  20080229110209.0
=007  ta
=008  821217d190u1961enkmr\p\\\\\\\0\\\a0eng\d
=019  0\$as031761003
=040  \\$aUk$cUk$dUk
=082  04$a621.43$222
=084  \\$aUM 00$2blsrissc
=245  00$aGas and oil power.
=260  \\$aMaidstone :$bWhitehall Press.
=300  \\$av. :$bill. ;$c25 cm.
=336  \\$atext$2rdacontent
=337  \\$aunmediated$2rdamedia
=338  \\$avolume$2rdacarrier
=362  0\$a-v. 56 (Mar. 1961) = no. 675.
=500  \\$aImprint varies.
=580  \\$aIn 1934 incorporates "Internal combustion engineer", q.v.
=650  \0$aInternal combustion engines$vPeriodicals.
=780  00$tGas and oil engine record
=785  00$tMechanical power$x0368-8976
=852  49$aBritish Library$bDSC$3See shelfmark 4077.000000
=852  71$aBritish Library$bSTI$k(P)$hUM 00$m-E(4)$2blsrissc$31905-1975; Vol.6-56; 60-71. No.61-675; 709-787 ; Deficient: vol.26, no.304,306,309,311,313,314,1931
=CAT  \\$aCONV$b00$c20040425$lBLL90$h0851
=CAT  \\$aCONV$b00$c20040502$lBLL01$h1456
=CAT  \\$aglobal_upd$b40$c20060417$lBLL01$h1841
=CAT  \\$a8201$b40$c20080229$lBLL01$h1037
=CAT  \\$a8201$b40$c20080229$lBLL01$h1102
=CAT  \\$aBATCH$b00$c20091210$lBLL01$h0649
=FIN  \\$aY
=FMT  \\$a  SE
=LAS  \\$aBATCH$b00$c20091210$lBLL01$h0649
=LEO  \\$aMP25.0000002512
=LKR  \\$aPAR$b012092881$lBLL01$r78500$mGas and oil power.$nMechanical Power
=SRC  \\$aSRI01$bbibmp25.200404.2.aa
=TCO  \\$aCLA$bCLA$c008

