=LDR  01737 as a2200469 a 4500
=001  012093376
=003  Uk
=005  20080128160147.0
=007  ta
=008  840214d19171918xxuqr\p\\\\\\\0\\\a0eng\\
=019  0\$as040319024
=019  c\$a2090656
=040  \\$aUk$cUk$dUk
=084  \\$aN 00$2blsrissc
=110  2\$aAmerican Institute of Metals.
=245  10$aJournal of the American Institute of Metals.
=260  \\$aBuffalo, N.Y.,$c1917-
=336  \\$atext$2rdacontent
=337  \\$aunmediated$2rdamedia
=338  \\$avolume$2rdacarrier
=362  0\$aVol. 11, no. 1 (June 1917)-
=362  1\$aCeased publication with Mar. 1918 issue.
=580  \\$aIncorporated in "American Institute of Mining and Metallurgical Engineers. Transactions" q.v.
=780  00$aAmerican Institute of Metals.$tTransactions of the American Institute of Metals
=852  49$aBritish Library$bDSC$3See shelfmark 8891.220000
=852  71$aBritish Library$bSTI$k(P)$hN 00$m-E(39)$2blsrissc$3Vol.11, 1917-vol.12, no.1, 1918
=886  2\$2blmarc$a029$b00$aS040319016$aS019300018
=985  \\$aRecord merged by DQ team
=CAT  \\$aCONV$b00$c20040425$lBLL90$h0851
=CAT  \\$aCONV$b00$c20040502$lBLL01$h1456
=CAT  \\$a8456$b40$c20080128$lBLL01$h1547
=CAT  \\$a8456$b40$c20080128$lBLL01$h1601
=CAT  \\$aBATCH$b00$c20091210$lBLL01$h0649
=FIN  \\$aY
=FMT  \\$a  SE
=LAS  \\$aBATCH$b00$c20091210$lBLL01$h0649
=LEO  \\$aMP25.0000003017
=LEO  \\$aMP10.0000313237
=LKR  \\$aPAR$b011140415$lBLL01$r78000$mJournal of the American Institute of Metals.$nTransactions of the American Institute of Metals.
=SRC  \\$aSRI01$bbibmp25.200404.2.aa
=SRC  \\$aDSS01$bbibmp10.200404.2.aa
=TCO  \\$aTRS$bCCC$c008

