=LDR  01427 as a2200421 a 4500
=001  012093400
=003  Uk
=005  20090330114219.0
=007  ta
=008  840529d19101912enkm|\p\\\\\\\0\\\a0eng\\
=019  0\$as040621006
=040  \\$aUk$cUk$dUk
=084  \\$aVJ 30$2blsrissc
=130  0\$aAutomobile engineer (London, England : 1910)
=245  10$aAutomobile engineer.
=260  \\$aLondon :$bInternational Business Associates,$c1910-1912.
=300  \\$av. ;$c30-34cm.
=336  \\$atext$2rdacontent
=337  \\$aunmediated$2rdamedia
=338  \\$avolume$2rdacarrier
=362  1\$aCeased publication 1912.
=650  \0$aAutomobiles$xDesign and construction$vPeriodicals.
=710  2\$aInstitution of Automobile Engineers.
=785  00$tInternal combustion engineering
=852  49$aBritish Library$bDSC$3See shelfmark 1832.000000 for Vol. 1, 1910- 2, 1912
=852  71$aBritish Library$bSTI$cRES$k(OP)$hVJ 30$m-E(6)$2blsrissc$3Vol. 1, 1910- v. 2, 1912
=985  \\$aRecord enhanced by DQ team
=CAT  \\$aCONV$b00$c20040425$lBLL90$h0851
=CAT  \\$aCONV$b00$c20040502$lBLL01$h1456
=CAT  \\$a8456$b40$c20080111$lBLL01$h1403
=CAT  \\$a8874$b40$c20090330$lBLL01$h1142
=CAT  \\$aBATCH$b00$c20091210$lBLL01$h0649
=FIN  \\$aY
=FMT  \\$a  SE
=LAS  \\$aBATCH$b00$c20091210$lBLL01$h0649
=LEO  \\$aMP25.0000003043
=SRC  \\$aSRI01$bbibmp25.200404.2.aa
=TCO  \\$aCLA$bCLA$c008

