=LDR  01763 as a2200469 a 4500
=001  012093496
=003  Uk
=005  20100211111716.0
=007  ta
=008  870526d19231927enk\x\\\\\\\\\0\\\a0eng\\
=019  0\$as04195601x
=019  c\$a2333394
=040  \\$aUk$cUk$dUk
=084  \\$aJ 00$2blsrissc
=245  04$aThe journal of the Municipal College of Technology, Manchester.
=260  \\$aManchester :$bEducation Committee,$c1923-1927.
=300  \\$a3 v. :$bill. ;$c25 cm.
=310  \\$aIrregular
=336  \\$atext$2rdacontent
=337  \\$aunmediated$2rdamedia
=338  \\$avolume$2rdacarrier
=362  0\$aVol. 11 (1923)-v. 13 (1927).
=520  \\$a"Investigations undertaken by members of the Manchester College of Technology."
=650  \0$aTechnology$vPeriodicals.
=650  \0$aTechnology$xResearch$zEngland$zManchester$vPeriodicals.
=710  2\$aManchester Municipal College of Technology.
=780  00$sTechnology (Manchester, England)
=852  41$aBritish Library$bDSC$3See 4828.480000
=852  71$aBritish Library$bSTI$k(P)$hJ 00$m-E(86)$2blsrissc$3Vol. 9 (1915)-v. 13 (1927)***UKRR Retained Title***Deficient: vol.8, 1914
=963  \\$aVOL. 11, 1923- 13, 1927 *A=1$bN$cQ361.B.4
=985  \\$aRecord merged by DQ team
=CAT  \\$aCONV$b00$c20040425$lBLL90$h0851
=CAT  \\$aCONV$b00$c20040502$lBLL01$h1456
=CAT  \\$aBATCH$b00$c20091123$lBLL01$h0100
=CAT  \\$a6537$b40$c20100211$lBLL01$h1117
=FIN  \\$aY
=FMT  \\$a  SE
=LAS  \\$a6537$b40$c20100211$lBLL01$h1117
=LEO  \\$aMP25.0000003167
=LKR  \\$aPAR$b002361721$lBLL01$r78000$mJournal of the Municipal College of Technology, Manchester$nTechnology (Manchester, England)
=SRC  \\$aSRI01$bbibmp25.200404.2.aa
=TCO  \\$aCLA$bCLA$c008

