=LDR  02363 as a22005777a 4500
=001  012094192
=003  Uk
=005  20080204161303.0
=007  ta
=008  790821d19141945gw\erzp\\\\\\\0\\\\0ger\d
=019  0\$as049630008
=022  0\$a0175-1034
=040  \\$aUk$cUk$dUk
=084  \\$aTG 10$2blsrissc
=130  0\$aGiesserei (Verein Deutscher Eisengiessereien)
=210  0\$aGiesserei (1914)
=222  \4$aDie Giesserei (1914)
=245  14$aDie Giesserei :$bZeitschrift für die Wirtschaft und Technik des Giessereiwesens /$cherausgegeben vom Verein Deutscher Eisengiessereien.
=260  \\$aMünchen :$bOldenbourg,$c1914-1945
=300  \\$a32 v. :$bill. ;$c33 cm.
=310  \\$aBiweekly
=336  \\$atext$2rdacontent
=337  \\$aunmediated$2rdamedia
=338  \\$avolume$2rdacarrier
=362  0\$a1. Jahrg., 1. Heft (7. Jan. 1914)-
=362  1\$aCeased in 1945. Cf. Union list of serials.
=500  \\$aPublished for the Verein Deutscher Giessereifachleute and others.
=500  \\$aTitle from caption.
=515  \\$aJahrg.15-29, 1928-42, also numbered neue Folge, Jahrg.1-15.
=515  \\$aNot published 1946-48.
=550  \\$aVols. for <1930- > issued by: Verein Deutscher Eisengiessereien; and: Verein Deutscher Giessereifachleute; for <1943- > also by: Wirtschaftsgruppe Giesserei-Industrie in der Reichsgruppe Industrie.
=580  \\$aFrom 1931, incorporates "Giesserei-Zeitung", q.v.
=650  \0$aFounding$vPeriodicals.
=710  2\$aVerein Deutscher Eisengiessereien.
=710  2\$aVerein Deutscher Giessereifachleute.
=710  2\$aReichsgruppe Industrie.$bWirtschaftsgruppe Giesserei-Industrie.
=785  10$tNeue Giesserei$x0369-3848
=852  49$aBritish Library$bDSC$3See shelfmark 4174.000000 for 1914-1950
=852  71$aBritish Library$bSTI$k(P)$hTG 10$m-G(3)$2blsrissc$3Jahrg.1, 1914- 31, 1945; Set incomplete
=886  2\$2blmarc$a029$b00$aS049630016$aS049630024$aS030502004
=CAT  \\$aCONV$b00$c20040425$lBLL90$h0851
=CAT  \\$aCONV$b00$c20040502$lBLL01$h1456
=CAT  \\$a8201$b40$c20060130$lBLL01$h1214
=CAT  \\$aglobal_upd$b40$c20060417$lBLL01$h1841
=CAT  \\$a8456$b40$c20080204$lBLL01$h1613
=FIN  \\$aY
=FMT  \\$a  SE
=LAS  \\$a8456$b40$c20080204$lBLL01$h1613
=LEO  \\$aMP25.0000003887
=SRC  \\$aSRI01$bbibmp25.200404.2.aa
=TCO  \\$aDEU$bVG WORT$c008

