=LDR  02415 as a2200577 a 4500
=001  012095890
=003  Uk
=005  20080512112852.0
=007  ta
=008  760712d19221947ja\mxz\\\\\\\\0\\\a0eng\\
=019  0\$as063682001
=022  0\$a0020-3092
=040  \\$aUk$cUk$dUk
=084  \\$aJA 00$2blsrissc
=210  0\$aSci. pap. Inst. Phys. Chem. Res.
=222  \0$aScientific papers of the Institute of Physical and Chemical Research
=245  00$aScientific papers of the Institute of Physical and Chemical Research.
=260  \\$aTokyo :$bThe Institute,$c1922-1947.
=260  \\$aTokyo,$c1922-
=300  \\$a42 v. :$bill. ;$c27 cm.
=300  \\$c26cm.
=310  \\$aMonthly (irregular),$b<Jan. 1944>-July 1947
=321  \\$aIrregular,$bApr. 1922-<Aug. 1924>
=336  \\$atext$2rdacontent
=337  \\$aunmediated$2rdamedia
=338  \\$avolume$2rdacarrier
=362  0\$aVol. 1, no. 1 (Apr. 1922)-v. 42, no. 1181-1183 (July 1947).
=500  \\$aBeginning with v. 12, includes Abstracts from Rikwagaku-kenkyūjo ihō, v. 7-22, which is also issued separately.
=546  \\$aChiefly English; some German.
=555  \\$aIndexes: Vols. 1 (Apr. 1922)-11 (Oct. 15, 1929); v 12 (0ct. 20, 1929)-21 (Oct. 1, 1933), with v. 21; v. 22 (Oct. 1, 1933)-30 (Dec. 1, 1936), with v. 31.
=650  \0$aPhysics$vPeriodicals.
=650  \0$aChemistry$vPeriodicals.
=650  \0$aChemistry, Technical$vPeriodicals.
=650  \0$aResearch$vPeriodicals.
=710  2\$aRikagaku Kenkyūjo (Japan)
=785  00$tJournal of the Scientific Research Institute$x0368-4342
=787  1\$tAbstracts from Rikwagaku-kenkyūjo ihō (the Bulletin of the Institute of Physical and Chemical Research)
=852  49$aBritish Library$bDSC$3See shelfmark 8189.500000 for vol. 1, 1922- 42, 1947
=852  71$aBritish Library$bSTI$k(P)$hJA 00$m-E(41)$2blsrissc$3Vol. 1 (1922)-v. 42 (1947); v. 52-***UKRR Retained Title***Stock incomplete. Deficient : vol.25, no.535-538, 1934.
=968  \\$aC
=CAT  \\$aCONV$b00$c20040425$lBLL90$h0851
=CAT  \\$aCONV$b00$c20040502$lBLL01$h1456
=CAT  \\$a8201$b40$c20080512$lBLL01$h1128
=CAT  \\$aBATCH-UPD$b40$c20081103$lBLL01$h2054
=CAT  \\$aBATCH$b00$c20091210$lBLL01$h0649
=FIN  \\$aY
=FMT  \\$a  SE
=LAS  \\$aBATCH$b00$c20091210$lBLL01$h0649
=LEO  \\$aMP25.0000005698
=SRC  \\$aSRI01$bbibmp25.200404.2.aa
=TCO  \\$aJPN$bJAACC$c008

