=LDR  01575 as a2200445ua 4500
=001  012096713
=003  Uk
=005  20080730154114.0
=007  ta
=008  831206d19341951enkmn\p\\\\\\\0\\\a0eng\\
=019  0\$as06635501x
=040  \\$aUk$cUk$dUk
=084  \\$aND 05$2blsrissc
=245  00$aHeat treatment and forging.
=260  \\$aLondon :$b[Louis Cassier],$c1934-1951.
=300  \\$c30 cm.
=336  \\$atext$2rdacontent
=337  \\$aunmediated$2rdamedia
=338  \\$avolume$2rdacarrier
=650  \0$aForging.
=772  0\$tIron and steel industry and British foundryman
=772  0\$tIron and steel industry (London)
=772  0\$tIron and steel (London)$x0021-1524
=852  49$aBritish Library$bDSC$3See shelfmark 4580.111000 for Dec. 1934-Mar. 1937
=852  49$aBritish Library$bDSC$3See shelfmark 4580.108000 for April 1937-Feb. 1939
=852  71$aBritish Library$bSTI$k(P)$hND 05$m-E(15)$2blsrissc$3Dec. 1934-Dec. 1951***Supplement to and bound with ...
=852  49$aBritish Library$bDSC$3See shelfmark 4578.000000 for Mar. 1939- Dec. 1951
=985  \\$aRecord enhanced by DQ team
=CAT  \\$aCONV$b00$c20040425$lBLL90$h0851
=CAT  \\$aCONV$b00$c20040502$lBLL01$h1456
=CAT  \\$a8456$b40$c20080730$lBLL01$h1502
=CAT  \\$a8456$b40$c20080730$lBLL01$h1525
=CAT  \\$a8456$b40$c20080730$lBLL01$h1541
=CAT  \\$aBATCH$b00$c20091210$lBLL01$h0649
=FIN  \\$aY
=FMT  \\$a  SE
=LAS  \\$aBATCH$b00$c20091210$lBLL01$h0649
=LEO  \\$aMP25.0000006557
=SRC  \\$aSRI01$bbibmp25.200404.2.aa
=TCO  \\$aCLA$bCLA$c008

