=LDR  01526 as a2200469 a 4500
=001  012097278
=003  Uk
=005  20080104145236.0
=007  ta
=008  840605d19451949xxu||\p\\\a\\\0\\\a0eng\\
=019  0\$as068042108
=019  c\$a2193898
=040  \\$aUk$cUk$dUk
=084  \\$aTA 50$2blsrissc
=245  00$aMaterials and methods digest.
=260  \\$aNew York :$bReinhold,$c1945-1949.
=300  \\$c29 cm.
=336  \\$atext$2rdacontent
=337  \\$aunmediated$2rdamedia
=338  \\$avolume$2rdacarrier
=504  \\$aConsists of abstracts.
=580  \\$aSupplement to, and bound with, "Materials and methods", q.v.
=580  \\$aContinuation of "Engineering digest (1945)", q.v.
=772  0\$tMaterials and methods$x0096-4875
=852  71$aBritish Library$bSTI$k(P)$hTA 50$m-E(13)$2blsrissc$3Oct. 1945-1949
=852  49$aBritish Library$bDSC$3See shelfmark 5394.000000
=886  2\$2blmarc$a029$b00$aS068042019$aS068042078
=985  \\$aRecord merged by DQ team
=CAT  \\$aCONV$b00$c20040425$lBLL90$h0851
=CAT  \\$aCONV$b00$c20040502$lBLL01$h1456
=CAT  \\$a8456$b40$c20080104$lBLL01$h1449
=CAT  \\$a8456$b40$c20080104$lBLL01$h1450
=CAT  \\$a8456$b40$c20080104$lBLL01$h1452
=CAT  \\$aBATCH$b00$c20091210$lBLL01$h0649
=FIN  \\$aY
=FMT  \\$a  SE
=LAS  \\$aBATCH$b00$c20091210$lBLL01$h0649
=LEO  \\$aMP10.0000360673
=LEO  \\$aMP25.0000007151
=SRC  \\$aDSS01$bbibmp10.200404.2.aa
=SRC  \\$aSRI01$bbibmp25.200404.2.aa
=TCO  \\$aTRS$bCCC$c008

