=LDR  01628 as a2200469 a 4500
=001  012097505
=003  Uk
=005  20100324161534.0
=007  ta
=008  840613d19481955enkuu\p\\\\\\\0\\\a0eng\\
=019  0\$as068822014
=040  \\$aUk$cUk$dUk
=082  04$a621.384$222
=084  \\$aRT 40$2blsrissc
=110  1\$aGreat Britain.$bRadio Research Board.
=245  10$aReport of the Radio Research Board with the report of the Director of Radio Research.
=260  \\$aLondon :$bH.M.S.O.,$c1949-1956.
=300  \\$c25cm.
=336  \\$atext$2rdacontent
=337  \\$aunmediated$2rdamedia
=338  \\$avolume$2rdacarrier
=362  0\$a1948-1955.
=650  \0$aRadio research$zGreat Britain.
=780  00$aRadio Research Board (Great Britain)$tReport
=785  00$tRadio research
=852  49$aBritish Library$bDSC$3See shelfmark 7589.000000
=852  71$aBritish Library$bSTI$k(P)$hRT 40$m-E(3)$2blsrissc$31949-1956; 1948-55.
=968  \\$aC
=CAT  \\$aCONV$b00$c20040425$lBLL90$h0851
=CAT  \\$aCONV$b00$c20040502$lBLL01$h1456
=CAT  \\$a5194$b40$c20070821$lBLL01$h1405
=CAT  \\$aBATCH$b00$c20091123$lBLL01$h0102
=CAT  \\$a8201$b40$c20100324$lBLL01$h1614
=CAT  \\$a8201$b40$c20100324$lBLL01$h1615
=CAT  \\$aBATCH-UPD$b40$c20101003$lBLL01$h0808
=FIN  \\$aY
=FMT  \\$a  SE
=LAS  \\$aBATCH-UPD$b40$c20101003$lBLL01$h0808
=LEO  \\$aMP25.0000007387
=LKR  \\$aPAR$b012097506$lBLL01$r78500$mReport of the Radio Research Board with the report of the Director of Radio Research.$nRadio research.
=SRC  \\$aSRI01$bbibmp25.200404.2.aa
=TCO  \\$aCLA$bCLA$c008

