=LDR  02673 as a2200577 a 4500
=001  012097782
=003  Uk
=005  20080512094211.0
=007  ta
=008  751101d19301960ja\tx\p\\\\\\\0\\\a0eng\d
=010  \\$a33031620
=019  0\$as070100004
=022  0\$a0386-3018
=035  \\$a(OCoLC)ocm01776238
=040  \\$aMnMULS$cMnMULS$dNIC$dInU$dDLC$dOCoLC$dMH$dNST$dOCoLC$dUk
=042  \\$alc
=050  00$aQ77$b.H5 ser. A
=082  04$a505$222
=084  \\$aJA 00$2blsrissc
=210  0\$aJ. sci. Hiroshima Univ., Ser. A$b(1930)
=222  \0$aJournal of sciences of Hiroshima University. Series A. Mathematics, physics, chemistry$b(1930)
=245  00$aJournal of science of the Hiroshima University.$nSeries A,$pMathematics, physics, chemistry.
=260  \\$aHiroshima, Japan,$bHiroshima University,$c1930-1960.
=300  \\$a22 v. :$bill. ;$c27 cm.
=310  \\$aThree no. a year (irregular)
=336  \\$atext$2rdacontent
=337  \\$aunmediated$2rdamedia
=338  \\$avolume$2rdacarrier
=362  0\$av. 1-24; Dec. 1930-Dec. 1960.
=515  \\$aSuspended 1945-48.
=580  \\$aSplit into: Hiroshima Daigaku. Journal of science of the Hiroshima University. Series A-I, Mathematics, and: Hiroshima Daigaku. Journal of science of the Hiroshima University. Series A-II, Physics and chemistry.
=650  \0$aScience$vPeriodicals.
=710  2\$aHiroshima Daigaku.
=785  16$tJournal of science of the Hiroshima University. Series A-I. Mathematics$x0386-3026
=785  16$tJournal of science of the Hiroshima University. Series A-II. Physics and chemistry$x0439-173X
=852  49$aBritish Library$bDSC$3See shelfmark 5052.900000 for vol. 1, 1930- 10, 1940; 17(1), 1953- 24, 1960.
=852  71$aBritish Library$bSTI$k(P)$hJA 00$m-E(38)$2blsrissc$31930-1960; Vol.1 - vol.10, no.1; vol.14-24.
=968  \\$aC
=CAT  \\$aCONV$b00$c20040425$lBLL90$h0851
=CAT  \\$aCONV$b00$c20040502$lBLL01$h1456
=CAT  \\$a8201$b40$c20080512$lBLL01$h0942
=CAT  \\$aBATCH$b00$c20091210$lBLL01$h0649
=FIN  \\$aY
=FMT  \\$a  SE
=LAS  \\$aBATCH$b00$c20091210$lBLL01$h0649
=LEO  \\$aMP25.0000007674
=LKR  \\$aPAR$b010492080$lBLL01$r78516$mJournal of sciences of Hiroshima University. Series A. Mathematics, physics, chemistry (1930)$nJournal of science of the Hiroshima University. Series A-1. Mathematics
=LKR  \\$aPAR$b010492081$lBLL01$r78516$mJournal of sciences of Hiroshima University. Series A. Mathematics, physics, chemistry (1930)$nJournal of Science of the Hiroshima University. Series A-2. Physics and chemistry
=SID  \\$aZ39$bLOC
=SRC  \\$aSRI01$bbibmp25.200404.2.aa
=TCO  \\$aJPN$bJAACC$c008

