=LDR  02334 as a2200625ua 4500
=001  012097994
=003  Uk
=005  20201124185209.0
=007  ta
=008  830531d19211958cs\\x\p\\\\\\\0\\\b0mul\\
=019  0\$as071068007
=019  c\$a2303938
=040  \\$aUk$cUk$dUk
=041  0\$acze$aeng$afre$ager$arus
=084  \\$aBX 80$2blsrissc
=245  00$aSpisy vydávané Přírodovědeckou fakultou Masarykovy university.
=246  13$aSpisy Přírodovédecká fakulta, Masarykova universita
=246  31$aPublications de la Faculté des sciences de l'Université Masaryk
=260  \\$aBrno :$bPříridivědecká fakulta,$c1921-1958.
=300  \\$av. :$bill. ;$c21 cm.
=336  \\$atext$2rdacontent
=337  \\$aunmediated$2rdamedia
=338  \\$avolume$2rdacarrier
=362  0\$a1-čís. 399.
=515  \\$aNot published 1940-1945.
=546  \\$aSome papers in English.
=710  2\$aMasarykova univerzita v Brně.$bPřírodovědecká fakulta.
=785  00$tSpisy Přórodovědecké fakulty University v Brně
=852  49$aBritish Library$bDSC$3See 8417.100000
=852  71$aBritish Library$bSTI$k(P)$hBX 80$m-E(65)$2blsrissc$31921-1958; Čís. 1-399.
=886  2\$2blmarc$a029$b00$aS071068015
=963  \\$a1921- 1958 *A=1$bY$cL340:9.C.4
=968  \\$aC
=985  \\$aUpgraded by BSS-generated file for WR2011-1473
=ACF  \\$aCurrent copyright fee: GBP4.20$c0$e01-apr-1997$fGBP4.20$g0$hA$5Uk
=CAT  \\$aCONV$b00$c20040425$lBLL90$h0851
=CAT  \\$aCONV$b00$c20040502$lBLL01$h1456
=CAT  \\$a12179$b40$c20060801$lBLL01$h1444
=CAT  \\$aBATCH$b00$c20091123$lBLL01$h0102
=CAT  \\$a6537$b40$c20100315$lBLL01$h1146
=CAT  \\$a6537$b40$c20100315$lBLL01$h1158
=CAT  \\$a6537$b40$c20100315$lBLL01$h1204
=CAT  \\$a6537$b40$c20100315$lBLL01$h1213
=CAT  \\$aBATCH-CLA$b00$c20121109$lBLL01$h1741
=CAT  \\$aW2011-1473$b00$c20201124$lBLL01$h1852
=CAT  \\$aBATCH-UPD$b00$c20201125$lBLL01$h1355
=CFI  2\$aCurrent copyright fee: GBP4.40$c0$e01-jul-1998$fGBP4.40$g0$hA$5Uk
=FIN  \\$aY
=FMT  \\$a  SE
=LAS  \\$aBATCH-UPD$b00$c20201125$lBLL01$h1355
=LEO  \\$aMP10.0000546306
=LEO  \\$aMP25.0000007890
=SRC  \\$aDSS01$bbibmp10.200404.2.aa
=SRC  \\$aSRI01$bbibmp25.200404.2.aa
=TCO  \\$aXXX$c008

