=LDR  02125 as a2200517ua 4500
=001  012097996
=003  Uk
=005  20201124185209.0
=007  ta
=008  830531d19611970cs\\x\p\\\\\\\0\\\b0mul\\
=019  0\$as071068023
=040  \\$aUk$cUk$dUk
=041  0\$acze$aeng$ager$arus
=084  \\$aBX 80$2blsrissc
=245  00$aSpisy přírodovédecka fakulta, University J.E. Purkyně v Brně.
=246  31$aPublications de la Faculté des sciences de l'Université J.E. Purkyně, Brno
=260  \\$aBrno :$bPřírodovědecká fakulta,$c1961-1970.
=300  \\$av. :$bill. ;$c22 cm.
=310  \\$aIrregular
=336  \\$atext$2rdacontent
=337  \\$aunmediated$2rdamedia
=338  \\$avolume$2rdacarrier
=362  0\$aČís. 419 (1961)-čís. 518 (1970).
=546  \\$aSome papers in English.
=580  \\$aReplaced by the Faculty's "Scripta", published in several series, for which see separate entries.
=710  2\$aUniverzita J.E. Purkyně v Brně.$bPřírodovědecká fakulta.
=780  00$tSpisy Přírodovědecké fakulty University v Brně
=852  49$aBritish Library$bDSC$3See 8417.100000
=852  71$aBritish Library$bSTI$k(P)$hBX 80$m-E(65)$2blsrissc$31961-1970; Čís. 419-518***Accession number 071068015
=886  2\$2blmarc$a029$b00$aS071068015
=985  \\$aUpgraded by BSS-generated file for WR2011-1473
=CAT  \\$aCONV$b00$c20040425$lBLL90$h0851
=CAT  \\$aCONV$b00$c20040502$lBLL01$h1456
=CAT  \\$aBATCH$b00$c20091123$lBLL01$h0102
=CAT  \\$a6537$b40$c20100315$lBLL01$h1138
=CAT  \\$a6537$b40$c20100315$lBLL01$h1155
=CAT  \\$a6537$b40$c20100316$lBLL01$h0825
=CAT  \\$aW2011-1473$b00$c20201124$lBLL01$h1852
=CAT  \\$aBATCH-UPD$b00$c20201125$lBLL01$h1355
=FIN  \\$aY
=FMT  \\$a  SE
=LAS  \\$aBATCH-UPD$b00$c20201125$lBLL01$h1355
=LEO  \\$aMP25.0000007892
=LKR  \\$aPAR$b012097995$lBLL01$r78000$mSpisy přírodovédecka fakulta, University J.E. Purkyně v Brně$nSpisy přírodovédecká fakulta, Brněnská universita
=SRC  \\$aSRI01$bbibmp25.200404.2.aa
=TCO  \\$aXXX$c008

