=LDR  02397 as a2200601 a 4500
=001  012098551
=003  Uk
=005  20080922165508.0
=007  ta
=008  780810d19781988enkbr\p\\\\\\\0\\\a0eng\\
=019  0\$as073645028
=022  0\$a0141-8580$202
=040  \\$aUk$cUk$dUk
=042  \\$aissnuk
=082  04$a790.069$222
=084  \\$aWJ 63$2blsrissc
=084  \\$aAK 60$2blsrissc
=210  0\$aBaths serv. recreat. manag.$b(1978)
=222  \0$aBaths service and recreation management$b(1978)
=245  00$aBaths service and recreation management.
=246  3\$aBS: baths service and recreation management
=260  \\$aMelton Mowbray :$bInstitute of Baths and Recreation Management,$c1978-1990.
=300  \\$c28 cm.
=310  \\$aBimonthly
=336  \\$atext$2rdacontent
=337  \\$aunmediated$2rdamedia
=338  \\$avolume$2rdacarrier
=500  \\$aTo 1979 published by the Institute under its previous name, Institue of Baths Management.
=580  \\$aVol.47, no.4-8, 1988 entitled "Institute of Baths and Recreation Management.IBRM journal", q.v.
=650  \0$aRecreation$zGreat Britain$vPeriodicals.
=650  \0$aRecreation$zGreat Britain$xManagement$vPeriodicals.
=650  \0$aSwimming pools$xManagement$vPeriodicals.
=710  2\$aInstitute of Baths Management.
=710  2\$aInstitute of Baths and Recreation Management.
=780  00$tBaths service$x0005-626X
=785  00$tIBRM journal$x0954-3279
=852  49$aBritish Library$bDSC$3See shelfmark 1866.333000 for vol. 37, 1978- 47(3), 1988 *A=1
=852  71$aBritish Library$bSTI$k(P)$hWJ 63$m-E(3)$2blsrissc$31978-1990; Vol.37-vol.47, no.3.; vol.48 - vol.49, no.2. ; Deficient: vol.47, no.9, 1988; vol.48, no.3-4, 1989; vol.479, No.1, 1990
=CAT  \\$aCONV$b00$c20040425$lBLL90$h0851
=CAT  \\$aCONV$b00$c20040502$lBLL01$h1456
=CAT  \\$aglobal_upd$b40$c20060417$lBLL01$h1841
=CAT  \\$a8201$b40$c20080922$lBLL01$h1646
=CAT  \\$a8201$b40$c20080922$lBLL01$h1655
=CAT  \\$aBATCH$b00$c20091210$lBLL01$h0649
=FIN  \\$aY
=FMT  \\$a  SE
=LAS  \\$aBATCH$b00$c20091210$lBLL01$h0649
=LEO  \\$aMP22.0000005011
=LEO  \\$aMP25.0000008486
=LKR  \\$aPAR$b009209109$lBLL01$nIBRM journal :the journal of t$mBaths service and recreation m$r78500
=SRC  \\$aISN01$bbibmp22.200404.2.aa
=SRC  \\$aSRI01$bbibmp25.200404.2.aa
=TCO  \\$aCLA$bCLA$c008

