=LDR  02093 as a2200577 a 4500
=001  012098605
=003  Uk
=005  20121010155445.0
=007  ta
=008  040419d19341939enker\p\\\a\\\0\\\a0eng\\
=019  0\$as073868000
=022  0\$a0365-897X$202
=030  \\$aBALRAH
=040  \\$aUk$cUk$dUk
=042  \\$aissnuk
=082  04$a669.72$223
=084  \\$aTE 09(A1)$2blsrissc
=210  0\$aLight met. rev.$b(1934)
=222  \0$aLight metals review$b(1934)
=245  00$aLight metals review.
=260  \\$aLondon :$bIntelligence Department, British Aluminium Company,$c1934-1939.
=300  \\$a5 v. ;$c27 cm.
=310  \\$aBiweekly
=336  \\$atext$2rdacontent
=337  \\$aunmediated$2rdamedia
=338  \\$avolume$2rdacarrier
=362  0\$aVol. 1, no. 1 (15 June 1934)-v. 5, no. 22 (19 Aug. 1939).
=580  \\$a"Light metals research" and "Light metals review" suspended 1939-1946, replaced by: "Light metals bulletin".
=650  \0$aLight metals$vAbstracts$vPeriodicals.
=710  2\$aBritish Aluminium Company.
=780  00$tAluminium broadcast
=785  17$tLight metals research$x0365-8953
=785  17$aLight metals bulletin (1939)$b0366-2659
=852  49$aBritish Library$bDSC$3See shelfmark 5212.100000 for Vol. 1, no. 1 (15 June 1934)-v. 7, no. 25 (22 Dec. 1948)
=852  71$aBritish Library$bSTI$k(A)$hTE 09$m(A1) -E(3)$2blsrissc$31934-1939; Vol. 1-5.
=CAT  \\$aCONV$b00$c20040425$lBLL90$h0851
=CAT  \\$aCONV$b00$c20040502$lBLL01$h1456
=CAT  \\$aglobal_upd$b40$c20060417$lBLL01$h1841
=CAT  \\$aBATCH$b00$c20091210$lBLL01$h0649
=CAT  \\$a8201$b40$c20121010$lBLL01$h1202
=CAT  \\$a8201$b40$c20121010$lBLL01$h1533
=CAT  \\$a8201$b40$c20121010$lBLL01$h1554
=FIN  \\$aY
=FMT  \\$a  SE
=LAS  \\$a8201$b40$c20121010$lBLL01$h1554
=LEO  \\$aMP22.0000022571
=LEO  \\$aMP25.0000008542
=LKR  \\$aPAR$b010190466$lBLL01$nLight metals bulletin (1939)$mLight metals review (1934)$r78517
=SRC  \\$aISN01$bbibmp22.200404.2.aa
=SRC  \\$aSRI01$bbibmp25.200404.2.aa
=TCO  \\$aCLA$bCLA$c008

