=LDR  01787 as a2200469ua 4500
=001  012099907
=003  Uk
=005  20080415114335.0
=007  ta
=008  821130d19311948enkar\\\\\\\\\0\\\a0eng\\
=019  0\$as080408001
=019  c\$a2022817
=040  \\$aUk$cUk$dUk
=084  \\$aCC 76$2blsrissc
=110  2\$aFreshwater Biological Association of the British Empire.
=245  10$aAnnual report - Freshwater Biological Association of the British Empire.
=260  \\$a[Ambleside] :$b[The Association],$c1931-1948.
=300  \\$c21 cm.
=310  \\$aAnnual
=336  \\$atext$2rdacontent
=337  \\$aunmediated$2rdamedia
=338  \\$avolume$2rdacarrier
=785  00$aFreshwater Biological Association$tAnnual report - Freshwater Biological Association
=852  49$aBritish Library$bDSC$3See shelfmark 1268.000000 for DSC stock
=852  71$aBritish Library$bSTI$k(P)$hCC 76$m-E(2)$2blsrissc$31931-1948; 1st, 1931; 1932; year ending 31 March, 1934-36; 5th, year ending 31 March 1937 - 16th, year ending 31 March, 1948
=985  \\$aRecord merged by DQ team
=ACF  \\$aCurrent copyright fee: GBP4.20$c0$e01-apr-1997$fGBP4.20$g0$hA$5Uk
=CAT  \\$aCONV$b00$c20040425$lBLL90$h0851
=CAT  \\$aCONV$b00$c20040502$lBLL01$h1456
=CAT  \\$a8456$b40$c20080415$lBLL01$h1132
=CAT  \\$a8456$b40$c20080415$lBLL01$h1143
=CAT  \\$aBATCH$b00$c20091210$lBLL01$h0649
=CAT  \\$aBATCH-CLA$b00$c20121109$lBLL01$h1741
=CFI  2\$aCurrent copyright fee: GBP4.40$c0$e01-jul-1998$fGBP4.40$g0$hA$5Uk
=FIN  \\$aY
=FMT  \\$a  SE
=LAS  \\$aBATCH-CLA$b00$c20121109$lBLL01$h1741
=LEO  \\$aMP25.0000009924
=LEO  \\$aMP10.0000058847
=SRC  \\$aSRI01$bbibmp25.200404.2.aa
=SRC  \\$aDSS01$bbibmp10.200404.2.aa
=TCO  \\$aCLA$bCLA$c008

