=LDR  02396 as a2200565 a 4500
=001  012100271
=003  Uk
=005  20090626143845.0
=007  ta
=008  800916d194u1953enkar\p\\\\\\o0\\\a0eng\\
=019  0\$as082986002
=040  \\$aUk$cUk$dUk
=082  04$a631.3$222
=084  \\$aDR 02$2blsrissc
=110  2\$aNational Institute of Agricultural Engineering (Great Britain)
=245  10$aReport for the period ... to ... /$cNational Institute of Agricultural Engineering and Scottish Machinery Testing Station.
=246  13$aAnnual report
=260  \\$aSilsoe, Beds :$bBritish Society for Research in Agricultural Engineering
=300  \\$av. ;$c22-30 cm.
=310  \\$aAnnual,$b1951/1952-1952/1953
=336  \\$atext$2rdacontent
=337  \\$aunmediated$2rdamedia
=338  \\$avolume$2rdacarrier
=362  1\$aCeased with 1 Oct. 1952 to 30 Sept. 1953.
=500  \\$aPlace of publication and size vary.
=500  \\$aAt head of title for 1951/52 and 1952/53 issues: Annual report.
=515  \\$aReports cover periods of 1, 2 or 3 years.
=650  \0$aAgricultural engineering$xResearch$zGreat Britain$vPeriodicals.
=710  2\$aBritish Society for Research in Agricultural Engineering.
=710  2\$aScottish Machinery Testing Station.
=780  00$aNational Institute of Agricultural Engineering (Great Britain).$tReport for the year ending ...
=785  00$aNational Institute of Agricultural Engineering (Great Britain).$tAnnual report
=852  49$aBritish Library$bDSC$3See shelfmark 7561.900000 for 1949/1951-1952/1953 *A=1
=852  71$aBritish Library$bSTI$k(P)$hDR 02$m-E(1)$2blsrissc$31943-1983/85.
=985  \\$aScottish Machinery Testing Station not in BLL10 or 12
=CAT  \\$aCONV$b00$c20040425$lBLL90$h0851
=CAT  \\$aCONV$b00$c20040502$lBLL01$h1456
=CAT  \\$aglobal_upd$b40$c20060417$lBLL01$h1841
=CAT  \\$a12179$b40$c20070118$lBLL01$h1521
=CAT  \\$a8201$b40$c20090626$lBLL01$h1341
=CAT  \\$a8201$b40$c20090626$lBLL01$h1345
=CAT  \\$a8201$b40$c20090626$lBLL01$h1438
=CAT  \\$aBATCH$b00$c20091210$lBLL01$h0649
=FIN  \\$aY
=FMT  \\$a  SE
=LAS  \\$aBATCH$b00$c20091210$lBLL01$h0649
=LEO  \\$aMP25.0000010310
=LKR  \\$aPAR$b015299723$lBLL01$r78000$mReport for the period ... to ... /$nReport for the year ending ... /
=SRC  \\$aSRI01$bbibmp25.200404.2.aa
=TCO  \\$aCLA$bCLA$c008

