=LDR  01254 as a2200373ua 4500
=001  012100438
=003  Uk
=005  20090804085312.0
=007  ta
=008  860805d19381939enk\x\m\\\\\\\0\\\a0eng\\
=019  0\$as083925007
=040  \\$aUk$cUk$dUk
=084  \\$aTK 00$2blsrissc
=110  2\$aInstitute of Welding.$bResearch Committee.
=245  10$aReport of the Research Committee, Institute of Welding.
=260  \\$aLondon :$bPublished by the Research Committee of the Institute of Welding,$c1938-1939.
=300  \\$av. :$bill. ;$c28 cm.
=336  \\$atext$2rdacontent
=337  \\$aunmediated$2rdamedia
=338  \\$avolume$2rdacarrier
=785  00$aReport of the Welding Research Council, Institute of Welding
=852  49$aBritish Library$bDSC$3See shelfmark 7523.400000
=852  71$aBritish Library$bSTI$k(P)$hTK 00$m-E(19)$2blsrissc$31938-1939; No.1-4.
=968  \\$aC
=CAT  \\$aCONV$b00$c20040425$lBLL90$h0851
=CAT  \\$aCONV$b00$c20040502$lBLL01$h1456
=CAT  \\$a6537$b40$c20090804$lBLL01$h0853
=CAT  \\$aBATCH$b00$c20091123$lBLL01$h0103
=FIN  \\$aY
=FMT  \\$a  SE
=LAS  \\$aBATCH$b00$c20091123$lBLL01$h0103
=LEO  \\$aMP25.0000010483
=SRC  \\$aSRI01$bbibmp25.200404.2.aa
=TCO  \\$aCLA$bCLA$c008

