=LDR  01535 as a2200457 a 4500
=001  012100839
=003  Uk
=005  20080403131931.0
=007  ta
=008  840313d19481953nyuq|\p\\\\\\\0\\\a0eng\\
=019  0\$as085639001
=040  \\$aUk$cUk$dUk
=084  \\$aTE 09(N1)$2blsrissc
=130  0\$aNickel topics (New York, N.Y. : 1948)
=245  10$aNickel topics.
=260  \\$aNew York :$bInternational Nickel Company,$c1948-1953.
=300  \\$c28 cm.
=336  \\$atext$2rdacontent
=337  \\$aunmediated$2rdamedia
=338  \\$avolume$2rdacarrier
=580  \\$aFormed by the union of: Nickel steel topics, and: Nickel cast iron news.
=650  \0$aNickel$vPeriodicals.
=650  \0$aNickel alloys$vPeriodicals.
=710  2\$aInternational Nickel Company.
=780  14$tNickel steel topics
=780  14$tNickel cast iron news
=785  00$tInco nickel topics
=852  49$aBritish Library$bDSC$3See shelfmark 6110.090000 for Vol.1, 1948-vol.6, no.2, 1953
=852  71$aBritish Library$bSTI$k(P)$hTE 09$m(N1) -E(5)$2blsrissc$3Vol.1, 1948-vol.6, no.2, 1953
=985  \\$aRecord enhanced by DQ team
=CAT  \\$aCONV$b00$c20040425$lBLL90$h0851
=CAT  \\$aCONV$b00$c20040502$lBLL01$h1456
=CAT  \\$a8456$b40$c20080403$lBLL01$h1316
=CAT  \\$a8456$b40$c20080403$lBLL01$h1319
=CAT  \\$aBATCH$b00$c20091210$lBLL01$h0649
=FIN  \\$aY
=FMT  \\$a  SE
=LAS  \\$aBATCH$b00$c20091210$lBLL01$h0649
=LEO  \\$aMP25.0000010915
=SRC  \\$aSRI01$bbibmp25.200404.2.aa
=TCO  \\$aTRS$bCCC$c008

