=LDR  01719 as a2200517 a 4500
=001  012102463
=003  Uk
=005  20080121134914.0
=007  ta
=008  860722d19521954enkmr\p\\\a\\\0\\\a0eng\\
=019  0\$as092033008
=019  c\$a2011969
=040  \\$aUk$cUk
=084  \\$aVJ 30$2blsrissc
=245  00$aAbstracts - Motor Industry Research Association.
=260  \\$aBrentford,$c1952-1954.
=300  \\$av. ;$c26 cm.
=310  \\$aMonthly
=336  \\$atext$2rdacontent
=337  \\$aunmediated$2rdamedia
=338  \\$avolume$2rdacarrier
=362  0\$aFeb. 1952-
=362  1\$aCeased publication 1954.
=515  \\$aEach issue comprises 40 abstracts numbered consecutively.
=555  8\$aEach issue is preceded by a subject index for the month.
=650  \0$aEngines, Gas and oil$vAbstracts.
=710  2\$aMotor Industry Research Association.
=785  00$tMonthly summary of automobile engineering literature
=852  49$aBritish Library$bDSC$3See shelfmark 4376.600000
=852  71$aBritish Library$bSTI$k(A)$hVJ 30$m-E(1)$2blsrissc$31952-1954; Serial no.6000-7079.
=886  2\$2blmarc$a029$b00$aS096394005
=985  \\$aRecord merged by DQ team
=CAT  \\$aCONV$b00$c20040425$lBLL90$h0851
=CAT  \\$aCONV$b00$c20040502$lBLL01$h1456
=CAT  \\$a8456$b40$c20080121$lBLL01$h1334
=CAT  \\$a8456$b40$c20080121$lBLL01$h1345
=CAT  \\$a8456$b40$c20080121$lBLL01$h1349
=CAT  \\$aBATCH$b00$c20091210$lBLL01$h0650
=FIN  \\$aY
=FMT  \\$a  SE
=LAS  \\$aBATCH$b00$c20091210$lBLL01$h0650
=LEO  \\$aMP10.0000026689
=LEO  \\$aMP25.0000012667
=SRC  \\$aDSS01$bbibmp10.200404.2.aa
=SRC  \\$aSRI01$bbibmp25.200404.2.aa
=TCO  \\$aCLA$bCLA$c008

