=LDR  01501 as a2200397ua 4500
=001  012103025
=003  Uk
=005  20091123010300.0
=008  831011d1917\\\\enk||\p|||a\\||\\\||eng\\
=019  0\$as093902018
=040  \\$aUk$cUk
=084  \\$aMV 015$2blsrissc
=110  2\$aCeramic Society.
=245  00$aAbstracts - Ceramic Society.
=260  \\$aStoke on Trent,$c1917-38.
=300  \\$c22cm.
=336  \\$atext$2rdacontent
=337  \\$aunmediated$2rdamedia
=338  \\$avolume$2rdacarrier
=580  \\$aContinuation of "Abstracts from pottery journals" q.v.
=580  \\$aSupplement to, and bound with "Ceramic Society. Transactions" q.v.
=580  \\$aContinued as "British Ceramic Society. Abstracts" q.v.
=852  49$aBritish Library$bDSC$3See shelfmark 8912.300000 for stock
=852  71$aBritish Library$bSTI$k(P)$hMV 23$m-E(5)$2blsrissc$31917-1938; 1917-38.
=886  2\$2blmarc$a029$b00$aS09390200X$aS093902026$aS032193017
=968  \\$aC
=CAT  \\$aCONV$b00$c20040425$lBLL90$h0851
=CAT  \\$aCONV$b00$c20040502$lBLL01$h1456
=CAT  \\$aBATCH$b00$c20091123$lBLL01$h0103
=FIN  \\$aY
=FMT  \\$a  SE
=LAS  \\$aBATCH$b00$c20091123$lBLL01$h0103
=LEO  \\$aMP25.0000013341
=SRC  \\$aSRI01$bbibmp25.200404.2.aa
=SSD  \\$a50300{dollar}aContinuation of "Abstracts from pottery journals" q.v.; 50300{dollar}aSupplement to, and bound with "Ceramic Society. Transactions" q.v.; 50300{dollar}aContinued as "British Ceramic Society. Abstracts" q.v.
=TCO  \\$aCLA$bCLA$c008

