=LDR  01523 as a2200445 a 4500
=001  012103813
=003  Uk
=005  20100304145820.0
=007  ta
=008  840117d19541958ii\\x\p\\\\\\\0\\\a0eng\\
=019  0\$as095588019
=040  \\$aUk$cUk$dUk
=082  04$a505$222
=084  \\$aBX 80$2blsrissc
=245  00$aResearch bulletin of the Panjab University.
=260  \\$aHoshiarpur :$bThe University,$c1954-1958.
=300  \\$a114 v. :$bill. ;$c25 cm.
=310  \\$aIrregular
=336  \\$atext$2rdacontent
=337  \\$aunmediated$2rdamedia
=338  \\$avolume$2rdacarrier
=362  0\$ano. 42-156; 1954-1958.
=500  \\$aEach issue also includes a section designation: Chemistry, Mathematics, Zoology, etc.
=650  \0$aScience$vPeriodicals.
=710  2\$aUniversity of the Punjab.
=780  00$tResearch bulletin of the East Panjab University$x0555-7623
=785  00$tResearch bulletin of the Panjab University. Science$x0555-7631
=852  49$aBritish Library$bDSC$3See shelfmark 7731.200000 for no. 43, [1954]- 156, 1958 *A=1;
=852  71$aBritish Library$bSTI$k(P)$hBX 80$m-E(70)$2blsrissc$31954-1958; No.42-156.
=968  \\$aC
=CAT  \\$aCONV$b00$c20040425$lBLL90$h0851
=CAT  \\$aCONV$b00$c20040502$lBLL01$h1456
=CAT  \\$aBATCH$b00$c20091123$lBLL01$h0104
=CAT  \\$a8201$b40$c20100304$lBLL01$h1458
=FIN  \\$aY
=FMT  \\$a  SE
=LAS  \\$a8201$b40$c20100304$lBLL01$h1458
=LEO  \\$aMP25.0000014328
=SRC  \\$aSRI01$bbibmp25.200404.2.aa
=TCO  \\$aXXX$c008

