=LDR  01894cam a2200529ui 4500
=001  012108457
=003  Uk
=005  20220331221748.0
=008  790725s1977\\\\xxu\\\\\|\\\\\101\|\eng\\
=010  \\$a76058059
=019  0\$as500019002
=020  \\$a0890041903
=040  \\$aUk$cUk
=082  00$a616.8/53
=084  \\$aGV 05$2blsrissc
=111  2\$aInternational Symposium on Epilepsy$n(8th :$d1976 :$cDublin)
=245  10$aEpilepsy :$bThe eighth international symposium /$ceditor, J. Kiffin Penry.
=260  \\$aNew York :$bRaven Press,$cc1977.
=300  \\$axvii,414p. ;$c25cm.
=336  \\$atext$2rdacontent
=337  \\$aunmediated$2rdamedia
=338  \\$avolume$2rdacarrier
=500  \\$aProceedings of the eighth International Symposium on Epilepsy, organised by the Irish Epilepsy Association, and held in Dublin, September 12-15, 1976.
=540  \\$aCurrent Copyright Fee: GBP18.50$c0$5Uk
=597  \\$aDLC$b76058059
=650  \0$aEpilepsy$xCongresses.
=700  1\$aPenry, J. Kiffin.
=710  2\$aIrish Epilepsy Association.
=852  4\$aBritish Library$bDSC
=852  71$aBritish Library$bSTI$k(B)$hGV 05$2blsrissc
=CAT  \\$aCONV$b00$c20040425$lBLL90$h0855
=CAT  \\$aCONV$b00$c20040502$lBLL01$h1456
=CAT  \\$aglobal_upd$b40$c20060417$lBLL01$h1842
=CAT  \\$aUCB-HOL$b00$c20070831$lBLL01$h1500
=CAT  \\$aBATCH$b00$c20070831$lBLL01$h1718
=CAT  \\$aBATCH$b00$c20071121$lBLL01$h1013
=CAT  \\$aBATCH$b00$c20071121$lBLL01$h1359
=CAT  \\$aBATCH$b00$c20091210$lBLL01$h0651
=CAT  \\$aBATCH-CLAB$c20220330$lBLL01$h1709
=CAT  \\$aIPL-CLA$c20220331$lBLL01$h2217
=CFI  0\$aCurrent Copyright Fee: GBP18.50$c0$e01-apr-2022$fGBP18.50$g0$hC$5Uk
=FIN  \\$aY
=FMT  \\$a  BK
=LAS  \\$aIPL-CLA$b00$c20220331$lBLL01$h2217
=LEO  \\$aMP25.0000190414
=SRC  \\$aSRI01$bbibmp25.200404.2.aa
=SRC  \\$aUCB 2007

