=LDR  01305 as a22003613  4500
=001  012447788
=003  Uk
=005  20201127180443.0
=008  040416d\\\\\\\\|||a|||||||||||||||0eng\\
=245  00$aDomiciliary care markets
=336  \\$atext$2rdacontent
=337  \\$aunmediated$2rdamedia
=338  \\$avolume$2rdacarrier
=785  00$tDomiciliary care
=852  71$aBritish Library$bSTI$cRES$k(XB)$hAH 41$2blsrissc
=852  71$aBritish Library$bSTI$cRES$k(XB)$hAH 41$2blsrissc
=852  71$aBritish Library$bSTI$k(B)$hAH 41$mBusiness$2blsrissc
=852  41$aBritish Library$bSTI$31999.
=883  0\$aLanguage codes assigned by Bayesian analysis of words present in record$d20201028$qUk$c0.9010
=985  \\$aUpgraded by BSS-generated file for WR2011-1472
=A02  \\$a1446431$z46431
=CAT  \\$aCONV$b00$c20040425$lBLL90$h0713
=CAT  \\$aCONV$b00$c20040502$lBLL01$h1509
=CAT  \\$a8323$b40$c20080214$lBLL01$h1123
=CAT  \\$a8323$b40$c20080214$lBLL01$h1124
=CAT  \\$aBATCH$b00$c20091210$lBLL01$h2336
=CAT  \\$aBATCH$b00$c20091214$lBLL01$h0847
=CAT  \\$aBATCH$b00$c20091216$lBLL01$h0221
=CAT  \\$aW2011-1472$b00$c20201127$lBLL01$h1804
=FMT  \\$a  SE
=LAS  \\$aW2011-1472$b00$c20201127$lBLL01$h1804
=SRC  \\$aDSS03$bbibsr.200404.2.aa
=TCO  \\$aZZZ$c008

