=LDR  01931aam a2200601 a 4500
=001  009708726
=003  Uk
=005  20040916165548.0
=008  020617s2001\\\\xxua\\\\\b\\\\001\0\eng\\
=010  \\$a2001029320
=015  \\$aGBA240818$2bnb
=016  7\$a009708726$2Uk
=019  y\$abA240818
=019  9\$a0801867886
=019  0\$as677378009
=020  \\$a0801867886 :$cNo price
=039  0\$a2697
=040  \\$aDLC$cDLC$dUk
=082  04$a576.53$222
=084  \\$aCH 25$2blsrissc
=100  1\$aPigliucci, Massimo,$d1964-
=245  10$aPhenotypic plasticity :$bbeyond nature and nurture /$cMassimo Pigliucci.
=260  \\$aBaltimore ;$aLondon :$bJohns Hopkins University Press,$c2001.
=300  \\$axvi, 328 p. :$bill. ;$c24 cm.
=336  \\$atext$2rdacontent
=337  \\$aunmediated$2rdamedia
=338  \\$avolume$2rdacarrier
=490  1\$aSyntheses in ecology and evolution
=504  \\$aIncludes bibliographical references and index.
=650  \0$aPhenotype.
=650  \0$aGenotype-environment interaction.
=650  \0$aNature and nurture.
=650  \0$aAdaptation (Physiology)
=830  \0$aSyntheses in ecology and evolution.
=852  11$aBritish Library$bSTI
=852  11$aBritish Library$bSTI$k(B)$hCH 52
=957  \\$a020617p
=CAT  \\$aCONV$b00$c20040425$lBLL90$h0538
=CAT  \\$aCONV$b00$c20040502$lBLL01$h1336
=CAT  \\$a12179$b40$c20040913$lBLL01$h1600
=CAT  \\$a12179$b40$c20040913$lBLL01$h1604
=CAT  \\$a7000$b40$c20040916$lBLL01$h1655
=CAT  \\$aBATCH$b00$c20091209$lBLL01$h2243
=CAT  \\$aBATCH$b00$c20091217$lBLL01$h0109
=CAT  \\$aWR16_021$c20160609$lBLL01$h1953
=CAT  \\$aBATCH-UPD$b00$c20160609$lBLL01$h2116
=FIN  \\$aY
=FMT  \\$a  BK
=LAS  \\$aBATCH-UPD$b00$c20160609$lBLL01$h2116
=LEO  \\$aMP5.0000277265
=LEO  \\$aMP25.0000356615
=SRC  \\$aBNB03$bbibmp5.200404.2.aa
=SRC  \\$aSRI01$bbibmp25.200404.2.aa

