=LDR  04255 as a2200937 a 4500
=001  009843301
=003  Uk
=005  20081030122524.0
=007  ta
=008  040409d19161926nyuar\\\\\\\\\0\\\a0eng\\
=019  c\$a2197569
=019  0\$as056412010
=019  x\$a2351800141
=040  \\$aUk$cUk$dUk
=084  \\$aHF 21$2blsrissc
=110  2\$aRockefeller Foundation.$bInternational Health Board.
=245  10$aAnnual report - The Rockefeller Foundation, International Health Board.
=260  \\$aNew York :$b[The Foundation,$c1916-1926]
=300  \\$a11 v. :$bill. ;$c22 cm.
=310  \\$aAnnual
=336  \\$atext$2rdacontent
=337  \\$aunmediated$2rdamedia
=338  \\$avolume$2rdacarrier
=362  1\$aBegan with: 3rd (1916); ceased with: 13th (1926).
=500  \\$aFourth, 1917, report also numbered as the Board's "Publication"; no.7.
=540  \\$aBritish Library not licensed to copy$c0$5Uk
=580  \\$a1916 report, entitled "Report of the Director General", has been separated from a copy of the Foundation's annual report.
=610  20$aRockefeller Foundation.$bInternational Health Board$vPeriodicals.
=650  \0$aPublic health$vPeriodicals.
=710  2\$aRockefeller Foundation.$bInternational Health Board.$tPublication.
=780  00$aRockefeller Foundation. International Health Commission.$tAnnual report - The Rockefeller Foundation, International Health Commission
=785  00$aRockefeller Foundation. International Health Division.$tAnnual report
=852  71$aBritish Library$bSTI$k(P)$hHF 21$m-E(1)$2blsrissc$3[3rd], 1916-7th, 1920
=852  49$aBritish Library$bDSC$3See shelfmark 1310.800000 for 1920-1927 ; See also shelfmark 1415.000000 for 1916-1927
=945  \\$aAnnual report- International Health Board Rockefeller Foundation.
=985  \\$aRecord merged by DQ team
=A02  \\$a2197569
=ACF  \\$aPrevious copyright fee: GBP9.00$c0$e01-apr-2010$fGBP9.00$g0$hA$5Uk
=ACF  \\$aPrevious copyright fee: GBP6.00$c0$e01-apr-2008$fGBP6.00$g0$hA$5Uk
=ACF  \\$aPrevious copyright fee: GBP5.00$c0$e01-jul-2002$fGBP5.00$g0$hA$5Uk
=ACF  \\$aCurrent copyright fee: GBP4.40$c0$e01-jul-1998$fGBP4.40$g0$hA$5Uk
=ACF  \\$aCurrent copyright fee: GBP4.20$c0$e01-apr-1997$fGBP4.20$g0$hA$5Uk
=CAT  \\$aCONV$b00$c20040425$lBLL90$h0659
=CAT  \\$aCONV$b00$c20040502$lBLL01$h1340
=CAT  \\$c20041009$lBLL01$h1950
=CAT  \\$aBATCH-UPD$b00$c20080223$lBLL01$h2141
=CAT  \\$aBATCH-UPD$b00$c20080226$lBLL01$h0047
=CAT  \\$aBATCH-UPD$b00$c20080330$lBLL01$h0419
=CAT  \\$aBATCH-UPD$b00$c20080330$lBLL01$h1255
=CAT  \\$aBATCH$b00$c20080330$lBLL01$h2021
=CAT  \\$a8456$b40$c20081021$lBLL01$h1511
=CAT  \\$a8456$b40$c20081021$lBLL01$h1516
=CAT  \\$a8456$b40$c20081021$lBLL01$h1521
=CAT  \\$a8456$b40$c20081030$lBLL01$h1225
=CAT  \\$aBATCH$b00$c20091209$lBLL01$h2337
=CAT  \\$aBATCH-UPD$b00$c20100226$lBLL01$h0000
=CAT  \\$aBATCH-UPD$b00$c20100331$lBLL01$h2151
=CAT  \\$aBATCH-UPD$b00$c20100401$lBLL01$h0125
=CAT  \\$aBATCH$b00$c20100401$lBLL01$h0429
=CAT  \\$aBATCH$b00$c20100401$lBLL01$h1446
=CAT  \\$aBATCH-UPD$b00$c20101124$lBLL01$h1826
=CAT  \\$aBATCH-UPD$b00$c20101125$lBLL01$h1047
=CAT  \\$aIPL-CLA$c20101231$lBLL01$h1314
=CAT  \\$aBATCH-UPD$b00$c20110907$lBLL01$h1807
=CAT  \\$aIPL-CLA$c20110908$lBLL01$h1722
=CAT  \\$aBATCH-CLA$b00$c20121104$lBLL01$h0958
=CAT  \\$aWR13.005$c20130323$lBLL01$h1347
=CAT  \\$aBATCH-UPD$b00$c20190320$lBLL01$h1624
=CFI  0\$aBritish Library not licensed to copy$c0$e07-sep-2011$hC$iTX$5Uk
=CFI  2\$aPrevious copyright fee: GBP10.50$c0$e01-jan-2011$fGBP10.50$g0$hA$5Uk
=FIN  \\$aY
=FMT  \\$a  SE
=LAS  \\$aBATCH-UPD$b00$c20190320$lBLL01$h1624
=LEO  \\$aMP1.0002805766
=LEO  \\$aMP25.0000004360
=LEO  \\$aMP10.0000062556
=LKR  \\$aPAR$b009843302$lBLL01$r78000$mAnnual report - The Rockefeller Foundation, International Health Board.$nAnnual report - The Rockefeller Foundation, International Health Commission.
=SRC  \\$aBLS01$bbibmp1.200404.2.ad
=SRC  \\$aSRI01$bbibmp25.200404.2.aa
=SRC  \\$aDSS01$bbibmp10.200404.2.aa
=TCO  \\$aTRS$bCCC$c008

