=LDR  04334cas a2201105 a 4500
=001  009857419
=003  Uk
=005  20221231192824.0
=006  aac\\|||||||||||||
=007  ta
=008  981102c19979999enkm|2p|||\\\||\\\a0eng\\
=015  \\$aGB9871522$2bnb
=019  c\$a2583895
=019  y\$ab9871522
=019  9\$ab9871522
=019  0\$as642759006
=022  0\$a1464-5637$202
=039  0\$a2512
=040  \\$aUk$cUk
=082  04$a338.476870941$221
=084  \\$aMQ 00$2blsrissc
=210  0\$aInt. ctry. cloth. retail.
=222  \0$aInternational country clothing retailer
=245  00$aInternational country clothing retailer.
=260  \\$aPeterborough (The Old School House, Alwalton, Peterborough PE7 3UU) :$bAdventure,$c1997-
=300  \\$av. :$bcol.ill., col.ports. ;$c29cm.
=310  \\$aMonthly
=336  \\$atext$2rdacontent
=337  \\$aunmediated$2rdamedia
=338  \\$avolume$2rdacarrier
=362  0\$aOct. 1997-
=540  \\$aCurrent Copyright Fee: GBP25.00$c0$5Uk
=597  \\$aEnhanced$bSRIS DDC
=650  \0$aOutdoor life$xEquipment and supplies$xPeriodicals.
=650  \0$aSport clothes industry$zGreat Britain$xPeriodicals.
=690  7\$aManagement and Business Studies$2blcoll
=852  41$aBritish Library$bSTI$3OCT. 1997- *A=1
=852  71$aBritish Library$bSTI$k(P)$hMQ 00$m-E(18)$2blsrissc$31997- ; Oct. 1997-
=886  2\$2blmarc$a092$b00$a4539.493050n
=945  \\$aINTERNATIONAL COUNTRY CLOTHING RETAILER.
=957  \\$a980130c
=979  \\$aBritish Library$bDSC$j4539.493050N
=985  \\$aRecord merged by SUNCAT team
=A02  \\$a2583895
=ACF  \\$aPrevious copyright fee: GBP9.00$c0$e01-apr-2010$fGBP9.00$g0$hA$5Uk
=ACF  \\$aPrevious copyright fee: GBP6.00$c0$e01-apr-2008$fGBP6.00$g0$hA$5Uk
=ACF  \\$aPrevious copyright fee: GBP5.00$c0$e01-jul-2002$fGBP5.00$g0$hA$5Uk
=ACF  \\$aCurrent copyright fee: GBP4.40$c0$e02-aug-1999$fGBP4.40$g0$hA$5Uk
=ACF  \\$aPrevious copyright fee: GBP10.50$c0$e01-jan-2011$fGBP10.50$g0$hA$5Uk
=ACF  \\$aPrevious copyright fee: GBP12.00$c0$e01-jan-2012$fGBP12.00$g0$hA$5Uk
=ACF  \\$aPrevious Copyright Fee: GBP12.30$c0$e01-jan-2014$fGBP12.30$g0$hA$5Uk
=ACF  \\$aPrevious Copyright Fee: GBP15.00$c0$e01-jan-2017$fGBP15.00$g0$hA$5Uk
=ACF  \\$aPrevious Copyright Fee: GBP17.50$c0$e01-jan-2018$fGBP17.50$g0$hA$5Uk
=ACF  \\$aPrevious Copyright Fee: GBP20.00$c0$e01-jan-2020$fGBP20.00$g0$hA$5Uk
=CAT  \\$aWR09-126
=CAT  \\$aBATCH-UPD$b00$c20100331$lBLL01$h2156
=CAT  \\$aBATCH-UPD$b00$c20100401$lBLL01$h0129
=CAT  \\$aBATCH$b00$c20100401$lBLL01$h0432
=CAT  \\$aBATCH$b00$c20100401$lBLL01$h1451
=CAT  \\$aBATCH-UPD$b00$c20101124$lBLL01$h1831
=CAT  \\$aBATCH-UPD$b00$c20101125$lBLL01$h1051
=CAT  \\$aIPL-CLA$c20101231$lBLL01$h1320
=CAT  \\$aWR11_203$c20111204$lBLL01$h1352
=CAT  \\$aIPL-CLA$c20111230$lBLL01$h1820
=CAT  \\$aBATCH-CLA$b00$c20121104$lBLL01$h0955
=CAT  \\$aWR13.005$c20130323$lBLL01$h1353
=CAT  \\$aBATCH-CLA$c20131217$lBLL01$h1838
=CAT  \\$aIPL-CLA$c20131231$lBLL01$h2040
=CAT  \\$aWR14_140$c20140905$lBLL01$h1735
=CAT  \\$aBATCH-CLA$b00$c20161222$lBLL01$h1725
=CAT  \\$aIPL-CLA$c20161230$lBLL01$h1921
=CAT  \\$aBATCH-CLA$b00$c20171222$lBLL01$h2026
=CAT  \\$aIPL-CLA$c20171231$lBLL01$h1452
=CAT  \\$aBATCH-CLA$b00$c20191219$lBLL01$h1650
=CAT  \\$aIPL-CLA$c20191231$lBLL01$h1811
=CAT  \\$aR2001-1524$c20200127$lBLL01$h1938
=CAT  \\$aBATCH-CLA$b00$c20201204$lBLL01$h1448
=CAT  \\$aIPL-CLA$c20201231$lBLL01$h2016
=CAT  \\$aBATCH-CLA$b00$c20221221$lBLL01$h1753
=CAT  \\$aIPL-CLA$c20221231$lBLL01$h1928
=CFI  0\$aCurrent Copyright Fee: GBP25.00$c0$e01-jan-2023$fGBP25.00$g0$hA$5Uk
=CFI  2\$aPrevious Copyright Fee: GBP22.50$c0$e01-jan-2021$fGBP22.50$g0$hA$5Uk
=FIN  \\$aY
=FMT  \\$a  SE
=LAS  \\$aIPL-CLA$b00$c20221231$lBLL01$h1928
=LEO  \\$aMP5.0001503124
=LEO  \\$aMP22.0000059537
=LEO  \\$aMP25.0000325982
=LEO  \\$aMP10.0000293752
=SRC  \\$aBNB03$bbibmp5.200404.2.ac
=SRC  \\$aISN01$bbibmp22.200404.2.aa
=SRC  \\$aSRI01$bbibmp25.200404.2.aa
=SRC  \\$aDSS01$bbibmp10.200404.2.aa
=SSD  \\$a25500{dollar}aOct. 1997-
=TCO  \\$aCLA$bCLA$c008

