=LDR  07451cas a2201417 a 4500
=001  009871365
=003  Uk
=005  20211231171413.0
=007  ta
=008  040410d19891991xxuu|\p\\\\\\\0\\\a0eng\\
=019  c\$a2502204
=019  0\$as576690007
=022  0\$y0890-8826
=040  \\$aUk$cUk$dUk
=082  04$a363.28$221
=084  \\$aAV 08$2blsrissc
=130  0\$aSecurity (Denver, Colo.).$pProduct update.
=245  00$aSecurity.$pProduct update.
=260  \\$aDenver, Colo. :$bCahners,$c1989-1991.
=300  \\$c38 cm.
=336  \\$atext$2rdacontent
=337  \\$aunmediated$2rdamedia
=338  \\$avolume$2rdacarrier
=540  \\$aCurrent Copyright Fee: GBP3.69$c0$5Uk
=852  71$aBritish Library$bSTI$cRES$k(OP)$hAV 08$m-E(5)$2blsrissc$31989-1991 ; Deficient: Fall 1990; Spring 1991***Bound volumes
=852  49$aBritish Library$bDSC$3See shelfmark 8217.143000 for stock 1989-1991
=852  71$aBritish Library$bSTI$k(P)$hAV 08$m-E(5)$2blsrissc$31989-1991 ; Deficient: Fall 1990; Spring 1991***Current issues
=985  \\$aRecord merged by DQ team
=A02  \\$a2502204
=ACF  \\$aPrevious Copyright Fee: GBP3.23$c0$e01-apr-2012$fGBP3.23$g0$hC$5Uk
=ACF  \\$aPrevious Copyright Fee: GBP3.00$c0$e01-jan-2012$fGBP3.00$g0$hC$5Uk
=ACF  \\$aPrevious Copyright Fee: GBP3.00$c0$e01-oct-2011$fGBP3.00$g0$hC$5Uk
=ACF  \\$aPrevious Copyright Fee: GBP3.00$c0$e01-jul-2011$fGBP3.00$g0$hC$5Uk
=ACF  \\$aPrevious Copyright Fee: GBP3.00$c0$e01-apr-2011$fGBP3.00$g0$hC$5Uk
=ACF  \\$aPrevious Copyright Fee: GBP3.00$c0$e01-jan-2011$fGBP3.00$g0$hC$5Uk
=ACF  \\$aPrevious Copyright Fee: GBP3.00$c0$e01-oct-2010$fGBP3.00$g0$hC$5Uk
=ACF  \\$aPrevious Copyright Fee: GBP3.00$c0$e01-jul-2010$fGBP3.00$g0$hC$5Uk
=ACF  \\$aPrevious Copyright Fee: GBP3.00$c0$e01-apr-2010$fGBP3.00$g0$hC$5Uk
=ACF  \\$aPrevious Copyright Fee: GBP3.00$c0$e01-Jan-2010$fGBP3.00$g0$hC$5Uk
=ACF  \\$aPrevious Copyright Fee: GBP3.00$c0$e01-oct-2009$fGBP3.00$g0$hC$5Uk
=ACF  \\$aPrevious Copyright Fee: GBP3.57$c0$e01-jul-2009$fGBP3.57$g0$hC$5Uk
=ACF  \\$aPrevious Copyright Fee: GBP3.57$c0$e01-apr-2009$fGBP3.57$g0$hC$5Uk
=ACF  \\$aPrevious Copyright Fee: GBP3.13$c0$e01-jan-2009$fGBP3.13$g0$hC$5Uk
=ACF  \\$aPrevious Copyright Fee: GBP2.50$c0$e01-oct-2008$fGBP2.50$g0$hC$5Uk
=ACF  \\$aPrevious Copyright Fee: GBP2.50$c0$e01-jul-2008$fGBP2.50$g0$hC$5Uk
=ACF  \\$aPrevious Copyright Fee: GBP2.50$c0$e01-apr-2008$fGBP2.50$g0$hC$5Uk
=ACF  \\$aPrevious Copyright Fee: GBP2.50$c0$e01-jan-2008$fGBP2.50$g0$hC$5Uk
=ACF  \\$aPrevious Copyright Fee: GBP2.50$c0$e01-oct-2007$fGBP2.50$g0$hC$5Uk
=ACF  \\$aPrevious Copyright Fee: GBP2.50$c0$e01-jul-2007$fGBP2.50$g0$hC$5Uk
=ACF  \\$aPrevious Copyright Fee: GBP2.56$c0$e01-apr-2007$fGBP2.56$g0$hC$5Uk
=ACF  \\$aPrevious Copyright Fee: GBP2.70$c0$e01-jan-2007$fGBP2.70$g0$hC$5Uk
=ACF  \\$aPrevious Copyright Fee: GBP2.70$c0$e01-oct-2006$fGBP2.70$g0$hC$5Uk
=ACF  \\$aPrevious Copyright Fee: GBP2.86$c0$e01-jul-2006$fGBP2.86$g0$hC$5Uk
=ACF  \\$aPrevious Copyright Fee: GBP2.86$c0$e01-apr-2006$fGBP2.86$g0$hC$5Uk
=ACF  \\$aPrevious Copyright Fee: GBP2.78$c0$e01-jan-2006$fGBP2.78$g0$hC$5Uk
=ACF  \\$aPrevious Copyright Fee: GBP2.70$c0$e01-oct-2005$fGBP2.70$g0$hC$5Uk
=ACF  \\$aPrevious Copyright Fee: GBP2.70$c0$e01-jul-2005$fGBP2.70$g0$hC$5Uk
=ACF  \\$aPrevious Copyright Fee: GBP2.70$c0$e01-apr-2005$fGBP2.70$g0$hC$5Uk
=ACF  \\$aPrevious Copyright Fee: GBP2.78$c0$e01-jan-2005$fGBP2.78$g0$hC$5Uk
=ACF  \\$aPrevious Copyright Fee: GBP2.70$c0$e01-oct-2004$fGBP2.70$g0$hC$5Uk
=ACF  \\$aPrevious copyright fee: GBP2.70$c0$e01-apr-2004$fGBP2.70$g0$hC$5Uk
=ACF  \\$aCurrent copyright fee: GBP2.94$c0$e01-jan-2004$fGBP2.94$g0$hC$5Uk
=ACF  \\$aCurrent copyright fee: GBP3.13$c0$e01-jan-2003$fGBP3.13$g0$hC$5Uk
=ACF  \\$aPrevious Copyright Fee: GBP3.03$c0$e01-jul-2012$fGBP3.03$g0$hC$5Uk
=ACF  \\$aPrevious Copyright Fee: GBP3.23$c0$e01-oct-2012$fGBP3.23$g0$hC$5Uk
=ACF  \\$aPrevious Copyright Fee: GBP3.13$c0$e01-jan-2013$fGBP3.13$g0$hC$5Uk
=ACF  \\$aPrevious Copyright Fee: GBP3.23$c0$e01-jul-2013$fGBP3.23$g0$hC$5Uk
=ACF  \\$aPrevious Copyright Fee: GBP3.00$c0$e01-oct-2013$fGBP3.00$g0$hC$5Uk
=ACF  \\$aPrevious Copyright Fee: GBP3.13$c0$e01-jan-2014$fGBP3.13$g0$hC$5Uk
=ACF  \\$aPrevious Copyright Fee: GBP3.03$c0$e01-jul-2014$fGBP3.03$g0$hC$5Uk
=ACF  \\$aPrevious Copyright Fee: GBP5.45$c0$e01-jan-2015$fGBP5.45$g0$hC$5Uk
=ACF  \\$aPrevious Copyright Fee: GBP6.00$c0$e01-apr-2015$fGBP6.00$g0$hC$5Uk
=ACF  \\$aPrevious Copyright Fee: GBP5.81$c0$e01-oct-2015$fGBP5.81$g0$hC$5Uk
=ACF  \\$aPrevious Copyright Fee: GBP6.21$c0$e01-apr-2016$fGBP6.21$g0$hC$5Uk
=ACF  \\$aPrevious Copyright Fee: GBP6.67$c0$e01-oct-2016$fGBP6.67$g0$hC$5Uk
=ACF  \\$aPrevious Copyright Fee: GBP7.20$c0$e01-apr-2017$fGBP7.20$g0$hC$5Uk
=ACF  \\$aPrevious Copyright Fee: GBP6.84$c0$e01-oct-2017$fGBP6.84$g0$hC$5Uk
=ACF  \\$aPrevious Copyright Fee: GBP6.92$c0$e01-jan-2018$fGBP6.92$g0$hC$5Uk
=ACF  \\$aPrevious Copyright Fee: GBP6.43$c0$e01-apr-2018$fGBP6.43$g0$hC$5Uk
=ACF  \\$aPrevious Copyright Fee: GBP6.92$c0$e01-oct-2018$fGBP6.92$g0$hC$5Uk
=ACF  \\$aPrevious Copyright Fee: GBP7.20$c0$e01-oct-2019$fGBP7.20$g0$hC$5Uk
=ACF  \\$aPrevious Copyright Fee: GBP6.92$c0$e01-apr-2020$fGBP6.92$g0$hC$5Uk
=ACF  \\$aPrevious Copyright Fee: GBP7.20$c0$e01-jul-2020$fGBP7.20$g0$hC$5Uk
=ACF  \\$aPrevious Copyright Fee: GBP6.66$c0$e01-apr-2021$fGBP6.66$g0$hC$5Uk
=ACF  \\$aPrevious Copyright Fee: GBP6.48$c0$e01-jul-2021$fGBP6.48$g0$hC$5Uk
=CAT  \\$aCONV$b00$c20040425$lBLL90$h0710
=CAT  \\$aIPL-CLA$c20160930$lBLL01$h1550
=CAT  \\$aBATCH-CLA$b00$c20170228$lBLL01$h1632
=CAT  \\$aIPL-CLA$c20170331$lBLL01$h1833
=CAT  \\$aBATCH-CLA$b00$c20170831$lBLL01$h1633
=CAT  \\$aIPL-CLA$c20170929$lBLL01$h1716
=CAT  \\$aBATCH-CLA$b00$c20171130$lBLL01$h1716
=CAT  \\$aIPL-CLA$c20171231$lBLL01$h1456
=CAT  \\$aBATCH-CLA$b00$c20180228$lBLL01$h1647
=CAT  \\$aIPL-CLA$c20180331$lBLL01$h1605
=CAT  \\$aBATCH-CLA$b00$c20180831$lBLL01$h1630
=CAT  \\$aIPL-CLA$c20180930$lBLL01$h1455
=CAT  \\$aBATCH-CLA$b00$c20190909$lBLL01$h1720
=CAT  \\$aIPL-CLA$c20190930$lBLL01$h1631
=CAT  \\$aBATCH-CLA$b00$c20200228$lBLL01$h1638
=CAT  \\$aIPL-CLA$c20200331$lBLL01$h1607
=CAT  \\$aBATCH-CLA$b00$c20200529$lBLL01$h1539
=CAT  \\$aIPL-CLA$c20200701$lBLL01$h0048
=CAT  \\$aBATCH-CLA$b00$c20210227$lBLL01$h1017
=CAT  \\$aIPL-CLA$c20210331$lBLL01$h1836
=CAT  \\$aBATCH-CLA$b00$c20210528$lBLL01$h1529
=CAT  \\$aIPL-CLA$c20210704$lBLL01$h1114
=CAT  \\$aBATCH-CLA$b00$c20210917$lBLL01$h1607
=CAT  \\$aIPL-CLA$c20210930$lBLL01$h1646
=CAT  \\$aBATCH-CLA$b00$c20211203$lBLL01$h0820
=CAT  \\$aIPL-CLA$c20211231$lBLL01$h1714
=CFI  0\$aCurrent Copyright Fee: GBP3.69$c0$e01-jan-2022$fGBP3.69$g0$hC$5Uk
=CFI  2\$aPrevious Copyright Fee: GBP6.39$c0$e01-oct-2021$fGBP6.39$g0$hC$5Uk
=FIN  \\$aY
=FMT  \\$a  SE
=LAS  \\$aIPL-CLA$b00$c20211231$lBLL01$h1714
=LEO  \\$aMP25.0000267549
=LEO  \\$aMP10.0000528197
=SRC  \\$aSRI01$bbibmp25.200404.2.aa
=SRC  \\$aDSS01$bbibmp10.200404.2.aa
=TCO  \\$aTRS$bCCC$c008

