=LDR  03064 am a2200673ua 4500
=001  009918992
=003  Uk
=005  20110627145600.0
=008  030731s2003\\\\enka\\\||\\\\\000\||eng\\
=015  \\$aGBA355664$2bnb
=019  y\$abA355664
=019  9\$abA355664
=019  1\$abA355664
=019  0\$as687921007
=020  \\$cNo price (pbk.)
=039  0\$a2753
=040  \\$aUk$cUk
=082  04$a362.10680941$221
=245  04$aThe measurement of satisfaction with healthcare :$bimplications for practice from a systematic review of the literature /$cR. Crow ... [et al.].
=260  \\$aSouthampton :$bCore Research on behalf of the NCCHTA,$c2003.
=300  \\$aiii, 244 p. :$bill. ;$c30 cm.
=336  \\$atext$2rdacontent
=337  \\$aunmediated$2rdamedia
=338  \\$avolume$2rdacarrier
=490  1\$aHealth technology assessment,$x1366-5278 ;$vv. 6, no. 32
=504  \\$aIncludes bibliographical references.
=597  \\$aEnhanced$bSRIS DDC
=650  \0$aPatient satisfaction$zGreat Britain.
=690  7\$aSocial Welfare$2blcoll
=700  1\$aCrow, R.
=710  2\$aNational Co-ordinating Centre for HTA (Great Britain)
=710  2\$aNHS R & D HTA Programme (Great Britain)
=830  \0$aHealth technology assessment,$x1366-5278 ;$vv. 6, no. 32
=852  41$aBritish Library$bHMNTS
=852  71$aBritish Library$bSTI$k(P)$hGP 00$m-E(315)$2blsrissc
=886  2\$2ukmarc$a910$b20$aNHS National Co-ordinating Centre for Health Technology Assessment$xSee$aNational Co-ordinating Centre for HTA$x(Great Britain)$z710
=886  2\$2ukmarc$a910$b20$aNational Co-ordinating Centre for Health Technology Assessment$eGreat Britain$xSee$aNational Co-ordinating Centre for HTA$x(Great Britain)$z710
=886  2\$2ukmarc$a910$b20$aWessex Institute for Health Research and Development$cNational Co-ordinating Centre for HTA$eGreat Britain$xSee$aNational Co-ordinating Centre for HTA$x(Great Britain)$z710
=886  2\$2ukmarc$a910$b20$aNCCHTA$xSee$aNational Co-ordinating Centre for HTA$x(Great Britain)$z710
=886  2\$2ukmarc$a910$b20$aNational Coordinating Centre for Health Technology Assessment$xSee$aNational Co-ordinating Centre for HTA$x(Great Britain)$z710
=886  2\$2ukmarc$a910$b20$aHTA Programme$xSee$aHealth Technology Assessment Programme$z710/1
=886  2\$2ukmarc$a910$b20$aNHS R&D HTA Programme$xSee$aHealth Technology Assessment Programme$z710/1
=957  \\$a030715c
=CAT  \\$aCONV$b00$c20040425$lBLL90$h0723
=CAT  \\$aCONV$b00$c20040502$lBLL01$h1343
=CAT  \\$aUE-01$b00$c20060629$lBLL01$h0831
=CAT  \\$aBATCH$b00$c20091122$lBLL01$h1301
=CAT  \\$aBATCH$b00$c20091217$lBLL01$h0120
=CAT  \\$aBATCH$b00$c20110625$lBLL01$h0419
=CAT  \\$aBATCH-SWP4$c20110627$lBLL01$h1456
=FIN  \\$aY
=FMT  \\$a  BK
=LAS  \\$aBATCH-SWP4$b00$c20110627$lBLL01$h1456
=LEO  \\$aMP5.0000024168
=LEO  \\$aMP13.0000238037
=LEO  \\$aMP25.0000365490
=SRC  \\$aBNB03$bbibmp5.200404.2.aa
=SRC  \\$aHSS01$bbibmp13.200404.2.aa
=SRC  \\$aSRI01$bbibmp25.200404.2.aa

