=LDR  01896 as a2200493 a 4500
=001  010182202
=003  Uk
=005  20090911144206.0
=007  ta
=008  801126d19781985enkgr\p\\\\\\\0\\\a0eng\\
=022  0\$a0144-395X$202
=040  \\$aUk$cUk$dUk
=042  \\$aissnuk
=082  04$a631.3$222
=110  2\$aNational Institute of Agricultural Engineering (Great Britain)
=210  0\$aRep. period ... - Natl. Inst. Agric. Eng
=222  \0$aReport for the period ... - National Institute of Agricultural Engineering
=240  10$aReport for the period ... (1978)
=245  10$aReport for the period ... /$cNational Institute of Agricultural Engineering.
=260  \\$aBedford :$bNational Institute of Agricultural Engineering,$c[1978?-1985?]
=300  \\$a3 v. :$bill. ;$c21-30 cm.
=310  \\$aBiennial
=336  \\$atext$2rdacontent
=337  \\$aunmediated$2rdamedia
=338  \\$avolume$2rdacarrier
=362  0\$a1978/1980-1983/1985.
=610  20$aNational Institute of Agricultural Engineering (Great Britain)$vPeriodicals.
=650  \0$aAgricultural engineering$xResearch$zGreat Britain$vPeriodicals.
=780  00$tAnnual report - NIAE$x0143-7658
=785  00$tNIAE$x0268-9103
=852  49$aBritish Library$bDSC$3See shelfmark 7561.900000 for 1978/1980- 1983/1985 *A=1
=852  71$aBritish Library$bSTI$k(P)$hDR 02$m-E(1)$2blsrissc$31943-1985; 1943-1983/85.
=CAT  \\$aCONV$b00$c20040425$lBLL90$h0848
=CAT  \\$aCONV$b00$c20040502$lBLL01$h1351
=CAT  \\$aglobal_upd$b40$c20060417$lBLL01$h1730
=CAT  \\$a8201$b40$c20090911$lBLL01$h1442
=CAT  \\$aBATCH$b00$c20091210$lBLL01$h0031
=FIN  \\$aY
=FMT  \\$a  SE
=LAS  \\$aBATCH$b00$c20091210$lBLL01$h0031
=LEO  \\$aMP22.0000007418
=LKR  \\$aPAR$b010186516$lBLL01$nNIAE$mReport for the period ... _ Na$r78500
=SRC  \\$aISN01$bbibmp22.200404.2.aa
=TCO  \\$aCLA$bCLA$c008

