=LDR  06242cas a2201177 a 4500
=001  010184631
=003  Uk
=005  20230210005229.0
=007  ta
=008  880308d18961934enkuu\p\\\\\\\0\\\a0eng\\
=022  0\$a0264-3960$202
=040  \\$aUk$cUk$dUk
=042  \\$aissnuk
=082  04$a570$221
=210  0\$aPhilos. trans. R. Soc. Lond., B Contain. pap. biol. character
=222  \0$aPhilosophical transactions of the Royal Society of London. Series B, Containing papers of a biological character
=245  00$aPhilosophical transactions of the Royal Society of London.$nSeries B,$pContaining papers of a biological character.
=260  \\$aLondon :$bRoyal Society of London
=336  \\$atext$2rdacontent
=337  \\$aunmediated$2rdamedia
=338  \\$avolume$2rdacarrier
=540  \\$aCurrent Copyright Fee: GBP19.50$c0$5Uk
=650  \0$aBiology$vPeriodicals.
=650  \0$aScience$vPeriodicals.
=710  2\$aRoyal Society (Great Britain)
=776  08$iAlso issued online as:$tPhilosophical transactions of the Royal Society of London. Series B, Containing papers of a biological character$x2053-9266
=780  00$tPhilosophical transactions of the Royal Society of London. B$x0264-3839
=785  00$tPhilosophical transactions of the Royal Society of London. Series B, Biological sciences$x0080-4622
=787  0\$tPhilosophical transactions of the Royal Society of London. Series A, Containing papers of a mathematical or physical character$x0264-3952
=852  71$aBritish Library$bSTI$k(P)$hC 00$m-E(1)$2blsrissc$31887- ; Vol. 178- ; Deficient: vol.181, 1890
=852  49$aBritish Library$bDSC$3See shelfmark 6464.000000 for vol. 178, 1887-
=ACF  \\$aPrevious Copyright Fee: GBP6.50$c0$e01-apr-2012$fGBP6.50$g0$hC$5Uk
=ACF  \\$aPrevious Copyright Fee: GBP6.50$c0$e01-jan-2012$fGBP6.50$g0$hC$5Uk
=ACF  \\$aPrevious Copyright Fee: GBP6.50$c0$e01-oct-2011$fGBP6.50$g0$hC$5Uk
=ACF  \\$aPrevious Copyright Fee: GBP6.50$c0$e01-jul-2011$fGBP6.50$g0$hC$5Uk
=ACF  \\$aPrevious Copyright Fee: GBP6.50$c0$e01-apr-2011$fGBP6.50$g0$hC$5Uk
=ACF  \\$aPrevious Copyright Fee: GBP6.50$c0$e01-jan-2011$fGBP6.50$g0$hC$5Uk
=ACF  \\$aPrevious Copyright Fee: GBP6.50$c0$e01-oct-2010$fGBP6.50$g0$hC$5Uk
=ACF  \\$aPrevious Copyright Fee: GBP6.50$c0$e01-jul-2010$fGBP6.50$g0$hC$5Uk
=ACF  \\$aPrevious Copyright Fee: GBP6.50$c0$e01-apr-2010$fGBP6.50$g0$hC$5Uk
=ACF  \\$aPrevious Copyright Fee: GBP6.50$c0$e01-Jan-2010$fGBP6.50$g0$hC$5Uk
=ACF  \\$aPrevious Copyright Fee: GBP6.50$c0$e01-oct-2009$fGBP6.50$g0$hC$5Uk
=ACF  \\$aPrevious Copyright Fee: GBP6.50$c0$e01-jul-2009$fGBP6.50$g0$hC$5Uk
=ACF  \\$aPrevious Copyright Fee: GBP6.50$c0$e01-apr-2009$fGBP6.50$g0$hC$5Uk
=ACF  \\$aPrevious Copyright Fee: GBP6.50$c0$e01-jan-2009$fGBP6.50$g0$hC$5Uk
=ACF  \\$aPrevious Copyright Fee: GBP6.50$c0$e01-oct-2008$fGBP6.50$g0$hC$5Uk
=ACF  \\$aPrevious Copyright Fee: GBP6.50$c0$e01-jul-2008$fGBP6.50$g0$hC$5Uk
=ACF  \\$aPrevious Copyright Fee: GBP6.50$c0$e01-apr-2008$fGBP6.50$g0$hC$5Uk
=ACF  \\$aPrevious Copyright Fee: GBP6.50$c0$e01-jan-2008$fGBP6.50$g0$hC$5Uk
=ACF  \\$aPrevious Copyright Fee: GBP6.50$c0$e01-oct-2007$fGBP6.50$g0$hC$5Uk
=ACF  \\$aPrevious Copyright Fee: GBP6.50$c0$e01-jul-2007$fGBP6.50$g0$hC$5Uk
=ACF  \\$aPrevious Copyright Fee: GBP6.50$c0$e01-apr-2007$fGBP6.50$g0$hC$5Uk
=ACF  \\$aPrevious Copyright Fee: GBP6.50$c0$e01-jan-2007$fGBP6.50$g0$hC$5Uk
=ACF  \\$aPrevious Copyright Fee: GBP6.50$c0$e01-oct-2006$fGBP6.50$g0$hC$5Uk
=ACF  \\$aPrevious Copyright Fee: GBP6.50$c0$e01-jul-2006$fGBP6.50$g0$hC$5Uk
=ACF  \\$aPrevious Copyright Fee: GBP6.50$c0$e01-apr-2006$fGBP6.50$g0$hC$5Uk
=ACF  \\$aPrevious Copyright Fee: GBP6.50$c0$e01-jan-2006$fGBP6.50$g0$hC$5Uk
=ACF  \\$aPrevious Copyright Fee: GBP6.50$c0$e01-oct-2005$fGBP6.50$g0$hC$5Uk
=ACF  \\$aPrevious Copyright Fee: GBP6.50$c0$e01-jul-2005$fGBP6.50$g0$hC$5Uk
=ACF  \\$aPrevious Copyright Fee: GBP6.50$c0$e01-apr-2005$fGBP6.50$g0$hC$5Uk
=ACF  \\$aPrevious Copyright Fee: GBP6.50$c0$e01-jan-2005$fGBP6.50$g0$hC$5Uk
=ACF  \\$aPrevious Copyright Fee: GBP6.50$c0$e01-oct-2004$fGBP6.50$g0$hC$5Uk
=ACF  \\$aPrevious Copyright Fee: GBP6.50$c0$e01-jul-2012$fGBP6.50$g0$hC$5Uk
=ACF  \\$aPrevious Copyright Fee: GBP6.50$c0$e01-oct-2012$fGBP6.50$g0$hC$5Uk
=ACF  \\$aPrevious Copyright Fee: GBP19.50$c0$e01-oct-2017$fGBP19.50$g0$hC$5Uk
=CAT  \\$aCONV$b00$c20040425$lBLL90$h0849
=CAT  \\$aIPL-CLA$c20100630$lBLL01$h2018
=CAT  \\$aBATCH-CLA$b00$c20100831$lBLL01$h1536
=CAT  \\$aIPL-CLA$c20100930$lBLL01$h1505
=CAT  \\$aBATCH-CLA$b00$c20101115$lBLL01$h1610
=CAT  \\$aIPL-CLA$c20101231$lBLL01$h1332
=CAT  \\$aBATCH-CLA$b00$c20110228$lBLL01$h1549
=CAT  \\$aIPL-CLA$c20110331$lBLL01$h1444
=CAT  \\$aBATCH-CLA$b00$c20110531$lBLL01$h1649
=CAT  \\$aIPL-CLA$c20110630$lBLL01$h1524
=CAT  \\$aBATCH-CLA$b00$c20110831$lBLL01$h1804
=CAT  \\$aIPL-CLA$c20110930$lBLL01$h1525
=CAT  \\$aBATCH-CLA$b00$c20111130$lBLL01$h1220
=CAT  \\$aIPL-CLA$c20111230$lBLL01$h1832
=CAT  \\$aBATCH-CLA$b00$c20120229$lBLL01$h1633
=CAT  \\$aIPL-CLA$c20120330$lBLL01$h1411
=CAT  \\$aBATCH-CLA$b00$c20120531$lBLL01$h1720
=CAT  \\$aIPL-CLA$c20120629$lBLL01$h1009
=CAT  \\$aBATCH-CLA$b00$c20120831$lBLL01$h1551
=CAT  \\$aIPL-CLA$c20120930$lBLL01$h2035
=CAT  \\$aBATCH-CLA$b00$c20121105$lBLL01$h1748
=CAT  \\$a11316$b40$c20130920$lBLL01$h1435
=CAT  \\$aBATCH-CLA$b00$c20170831$lBLL01$h1633
=CAT  \\$aIPL-CLA$c20170929$lBLL01$h1717
=CAT  \\$aBATCH-CLA$b00$c20221130$lBLL01$h1456
=CAT  \\$aIPL-CLA$c20221231$lBLL01$h1937
=CAT  \\$aBATCH-CLA$b00$c20230209$lBLL01$h1543
=CAT  \\$aIPL-CLA$c20230210$lBLL01$h0052
=CFI  0\$aCurrent Copyright Fee: GBP19.50$c0$e09-feb-2023$fGBP19.50$g0$hC$5Uk
=CFI  2\$aBritish Library not licensed to copy$c0$e01-jan-2023$hC$iCFP Excluded$5Uk
=FIN  \\$aY
=FMT  \\$a  SE
=LAS  \\$aIPL-CLA$b00$c20230210$lBLL01$h0052
=LEO  \\$aMP22.0000012225
=SRC  \\$aISN01$bbibmp22.200404.2.aa
=TCO  \\$aCLA$bCLA$c008

