=LDR  04210cas a2200985 a 4500
=001  010185748
=003  Uk
=005  20221231193738.0
=007  ta
=008  841105d19671970enkqr\p\\\\\\\0\\\a0eng\\
=010  \\$asc 86007068
=022  0\$a0267-0593$202
=035  \\$a(OCoLC)1606937
=040  \\$aMUL$cMUL$dCOO$dAIP$dDLC$dNLM$dOCLCQ$dNLM$dCUS$dUk
=042  \\$aissnuk
=060  00$aW1$bJO966V
=082  04$a618.929883$221
=084  \\$aGW 80$2blsrissc
=084  \\$aGT 05$2blsrissc
=130  0\$aJournal of tropical pediatrics (London, England : 1967)
=210  0\$aJ. trop. pediatr.$b(1967)
=222  \0$aJournal of tropical pediatrics$b(1967)
=245  04$aThe journal of tropical pediatrics.
=260  \\$a[London :$bJ.M.P. Services, Amberley House,$c-1970]
=300  \\$a4 v. :$bill. ;$c25 cm.
=310  \\$aQuarterly
=336  \\$atext$2rdacontent
=337  \\$aunmediated$2rdamedia
=338  \\$avolume$2rdacarrier
=362  1\$aBegan with: Vol. 13, no. 2 (June 1967).
=362  0\$a-v. 16, no. 4 (Dec. 1970).
=500  \\$aDescription based on: Vol. 16, no. 4 (Dec. 1970); title from cover.
=540  \\$aCurrent Copyright Fee: GBP25.00$c0$5Uk
=580  \\$aContinued in 1971 by: Journal of tropical pediatrics and environmental child health.
=650  \0$aPediatrics$vPeriodicals.
=650  \2$aPediatrics$vPeriodicals.
=650  \2$aTropical Medicine$vPeriodicals.
=780  00$tJournal of tropical pediatrics and African child health$b0368-4512
=785  00$tJournal of tropical pediatrics and environmental child health$x0300-9920
=852  71$aBritish Library$bSTI$k(P)$hGW 80$m-E(3)$2blsrissc$31967-1970
=852  49$aBritish Library$bDSC$3see shelfmark 5071.090000 for 1956-1959 ; 1967-1970 ; 1980-
=985  \\$aRecord merged by DQ team
=ACF  \\$aPrevious Copyright Fee: GBP14.00$c0$e01-oct-2008$fGBP14.00$g0$hC$5Uk
=ACF  \\$aPrevious copyright fee: GBP10.50$c0$e01-jan-2011$fGBP10.50$g0$hA$5Uk
=ACF  \\$aPrevious copyright fee: GBP12.00$c0$e01-jan-2012$fGBP12.00$g0$hA$5Uk
=ACF  \\$aPrevious Copyright Fee: GBP12.30$c0$e01-jan-2014$fGBP12.30$g0$hA$5Uk
=ACF  \\$aPrevious Copyright Fee: GBP15.00$c0$e01-jan-2017$fGBP15.00$g0$hA$5Uk
=ACF  \\$aPrevious Copyright Fee: GBP17.50$c0$e01-jan-2018$fGBP17.50$g0$hA$5Uk
=ACF  \\$aPrevious Copyright Fee: GBP20.00$c0$e01-jan-2020$fGBP20.00$g0$hA$5Uk
=CAT  \\$aCONV$b00$c20040425$lBLL90$h0849
=CAT  \\$a6550$b40$c20071002$lBLL01$h0931
=CAT  \\$a6550$b40$c20071002$lBLL01$h1040
=CAT  \\$a6550$b40$c20071002$lBLL01$h1552
=CAT  \\$aBATCH-CLA$b00$c20080829$lBLL01$h1843
=CAT  \\$aBATCH-UPD$b00$c20080930$lBLL01$h2340
=CAT  \\$aBATCH$b00$c20081001$lBLL01$h0059
=CAT  \\$aBATCH$b00$c20091210$lBLL01$h0032
=CAT  \\$aBATCH-UPD$b00$c20101201$lBLL01$h1229
=CAT  \\$aIPL-CLA$c20101231$lBLL01$h1332
=CAT  \\$aWR11_203$c20111204$lBLL01$h1401
=CAT  \\$aIPL-CLA$c20111230$lBLL01$h1832
=CAT  \\$aBATCH-CLA$b00$c20121105$lBLL01$h1748
=CAT  \\$aBATCH-CLA$c20131218$lBLL01$h2239
=CAT  \\$aIPL-CLA$c20131231$lBLL01$h2059
=CAT  \\$aBATCH-CLA$b00$c20161222$lBLL01$h1729
=CAT  \\$aIPL-CLA$c20161230$lBLL01$h1931
=CAT  \\$aBATCH-CLA$b00$c20171222$lBLL01$h2032
=CAT  \\$aIPL-CLA$c20171231$lBLL01$h1502
=CAT  \\$aBATCH-CLA$b00$c20191219$lBLL01$h1654
=CAT  \\$aIPL-CLA$c20191231$lBLL01$h1819
=CAT  \\$aR2001-1524$c20200127$lBLL01$h1941
=CAT  \\$aBATCH-CLA$b00$c20201204$lBLL01$h1452
=CAT  \\$aIPL-CLA$c20201231$lBLL01$h2026
=CAT  \\$aBATCH-CLA$b00$c20221221$lBLL01$h1758
=CAT  \\$aIPL-CLA$c20221231$lBLL01$h1937
=CFI  0\$aCurrent Copyright Fee: GBP25.00$c0$e01-jan-2023$fGBP25.00$g0$hA$5Uk
=CFI  2\$aPrevious Copyright Fee: GBP22.50$c0$e01-jan-2021$fGBP22.50$g0$hA$5Uk
=FIN  \\$aY
=FMT  \\$a  SE
=LAS  \\$aIPL-CLA$b00$c20221231$lBLL01$h1937
=LEO  \\$aMP22.0000014768
=LKR  \\$aPAR$b010492625$lBLL01$mJournal of tropical pediatrics (London, England : 1967)$r78000$nJournal of tropical pediatrics and African child health
=SID  \\$aZ39$bOCLC
=SRC  \\$aISN01$bbibmp22.200404.2.aa
=TCO  \\$aCLA$bCLA$c008

