=LDR  05620cas a2201165 a 4500
=001  010187615
=003  Uk
=005  20230210005242.0
=007  ta
=008  760925d19751975enkmr\p\\\\\\\0\\\a0eng\\
=019  0\$as265368006
=019  c\$a2193535
=022  0\$a0305-6848$202
=040  \\$aUk$cUk$dUk
=042  \\$aissnuk
=084  \\$aFC 30$2blsrissc
=084  \\$aKK 45$2blsrissc
=210  0\$aIRCS med. sci., Neurobiol. Neurophysiol.
=222  \0$aIRCS medical science. Neurobiology and neurophysiology
=245  00$aIRCS medical science.$pNeurobiology and neurophysiology.
=246  30$aNeurobiology and neurophysiology
=246  3\$aInternational Research Communications System medical science. Neurobiology and neurophysiology
=260  \\$aLancaster :$bMTP International Research Communications ;$aBaltimore :$bUniversity Park Press
=300  \\$c30 cm.
=310  \\$aMonthly
=336  \\$atext$2rdacontent
=337  \\$aunmediated$2rdamedia
=338  \\$avolume$2rdacarrier
=500  \\$aVol.1, no.1-3 also entitled: "International Research Communications System, IRCS category compendium: neurobiology".
=500  \\$aVol.1, no.4-10 also entitled: "International Research Communications System, IRCS research on neurobiology".
=500  \\$aVol.2 also entitled: "International Research Communications System, IRCS research on neurobiology and neurophysiology".
=515  \\$aIssue and page numbering is shared between various titles in the series.
=540  \\$aCurrent Copyright Fee: GBP29.95$c0$5Uk
=650  \0$aNeurobiology$vPeriodicals.
=650  \0$aNeurophysiology$vPeriodicals.
=710  2\$aInternational Research Communications System.
=780  00$tResearch on neurobiology and neurophysiology$x0305-2834
=785  07$tIRCS medical science. Neurology and neurosurgery$x0305-6856
=785  07$tIRCS medical science. Nervous system$x0309-1554
=852  71$aBritish Library$bSTI$k(P)$hFC 30$m-E(34)$2blsrissc$31973-1975; Vol.1-3 ; Deficient: Vol.1, no.5, 6, 1973, Vol.2, no.10, 1974***UKRR-Excluded-Out of Scope
=852  49$aBritish Library$bDSC$3See shelfmark 4567.647070***UKRR-Excluded-Out of Scope
=945  \\$aIRCS MEDICAL SCIENCE NEUROBIOLOGY AND NEUROPHYSIOLOGY.
=985  \\$aRecord merged by DQ team
=ACF  \\$aPrevious Copyright Fee: GBP22.00$c0$e01-apr-2012$fGBP22.00$g0$hC$5Uk
=ACF  \\$aPrevious Copyright Fee: GBP22.00$c0$e01-jan-2012$fGBP22.00$g0$hC$5Uk
=ACF  \\$aPrevious Copyright Fee: GBP22.00$c0$e01-oct-2011$fGBP22.00$g0$hC$5Uk
=ACF  \\$aPrevious Copyright Fee: GBP22.00$c0$e01-jul-2011$fGBP22.00$g0$hC$5Uk
=ACF  \\$aPrevious Copyright Fee: GBP22.00$c0$e01-apr-2011$fGBP22.00$g0$hC$5Uk
=ACF  \\$aPrevious Copyright Fee: GBP22.00$c0$e01-jan-2011$fGBP22.00$g0$hC$5Uk
=ACF  \\$aPrevious Copyright Fee: GBP9.00$c0$e01-oct-2010$fGBP9.00$g0$hC$5Uk
=ACF  \\$aPrevious Copyright Fee: GBP9.00$c0$e01-jul-2010$fGBP9.00$g0$hC$5Uk
=ACF  \\$aPrevious Copyright Fee: GBP9.00$c0$e01-apr-2010$fGBP9.00$g0$hC$5Uk
=ACF  \\$aPrevious Copyright Fee: GBP9.00$c0$e01-Jan-2010$fGBP9.00$g0$hC$5Uk
=ACF  \\$aPrevious Copyright Fee: GBP6.00$c0$e01-oct-2009$fGBP6.00$g0$hC$5Uk
=ACF  \\$aCurrent copyright fee: GBP4.40$c0$e01-jul-1998$fGBP4.40$g0$hA$5Uk
=ACF  \\$aCurrent copyright fee: GBP4.20$c0$e01-apr-1997$fGBP4.20$g0$hA$5Uk
=ACF  \\$aPrevious Copyright Fee: GBP22.00$c0$e01-jul-2012$fGBP22.00$g0$hC$5Uk
=ACF  \\$aPrevious Copyright Fee: GBP22.00$c0$e01-oct-2012$fGBP22.00$g0$hC$5Uk
=ACF  \\$aPrevious Copyright Fee: GBP29.95$c0$e01-jan-2013$fGBP29.95$g0$hC$5Uk
=CAT  \\$aCONV$b00$c20040425$lBLL90$h0849
=CAT  \\$aBATCH-CLA$b00$c20100831$lBLL01$h1518
=CAT  \\$aIPL-CLA$c20100930$lBLL01$h1506
=CAT  \\$aBATCH-CLA$b00$c20101115$lBLL01$h1556
=CAT  \\$aIPL-CLA$c20101231$lBLL01$h1332
=CAT  \\$aBATCH-CLA$b00$c20110228$lBLL01$h1532
=CAT  \\$aIPL-CLA$c20110331$lBLL01$h1444
=CAT  \\$aBATCH-CLA$b00$c20110531$lBLL01$h1627
=CAT  \\$aIPL-CLA$c20110630$lBLL01$h1525
=CAT  \\$aBATCH-CLA$b00$c20110831$lBLL01$h1753
=CAT  \\$aIPL-CLA$c20110930$lBLL01$h1526
=CAT  \\$aBATCH-CLA$b00$c20111130$lBLL01$h1208
=CAT  \\$aIPL-CLA$c20111230$lBLL01$h1833
=CAT  \\$aBATCH-CLA$b00$c20120229$lBLL01$h1610
=CAT  \\$aIPL-CLA$c20120330$lBLL01$h1412
=CAT  \\$aBATCH-CLA$b00$c20120531$lBLL01$h1659
=CAT  \\$aIPL-CLA$c20120629$lBLL01$h1010
=CAT  \\$aBATCH-CLA$b00$c20120831$lBLL01$h1539
=CAT  \\$aIPL-CLA$c20120930$lBLL01$h2036
=CAT  \\$aBATCH-CLA$b00$c20121105$lBLL01$h1748
=CAT  \\$aBATCH-CLA$b00$c20121130$lBLL01$h1243
=CAT  \\$aIPL-CLA$c20121231$lBLL01$h1256
=CAT  \\$aIPL-CLA$c20130102$lBLL01$h1703
=CAT  \\$aWR13.005$c20130323$lBLL01$h1518
=CAT  \\$aBATCH-CLA$b00$c20221130$lBLL01$h1451
=CAT  \\$aIPL-CLA$c20221231$lBLL01$h1937
=CAT  \\$aBATCH-CLA$b00$c20230209$lBLL01$h1538
=CAT  \\$aIPL-CLA$c20230210$lBLL01$h0052
=CFI  0\$aCurrent Copyright Fee: GBP29.95$c0$e09-feb-2023$fGBP29.95$g0$hC$5Uk
=CFI  2\$aBritish Library not licensed to copy$c0$e01-jan-2023$hC$iCFP Excluded$5Uk
=FIN  \\$aY
=FMT  \\$a  SE
=LAS  \\$aIPL-CLA$b00$c20230210$lBLL01$h0052
=LEO  \\$aMP25.0000106370
=LEO  \\$aMP10.0000302593
=LEO  \\$aMP22.0000018479
=LKR  \\$aPAR$b010189927$lBLL01$nIRCS medical science. Nervous$mIRCS medical science. Neurobio$r78500
=SRC  \\$aSRI01$bbibmp25.200404.2.aa
=SRC  \\$aDSS01$bbibmp10.200404.2.aa
=SRC  \\$aISN01$bbibmp22.200404.2.aa
=TCO  \\$aCLA$bCLA$c008

