=LDR  01938 as a2200541 a 4500
=001  010189318
=003  Uk
=005  20090615104942.0
=007  ta
=008  760128d19721975stkar\p\\\\\\\0\\\a0eng\\
=019  0\$as274621002
=022  0\$a0308-2296$202
=040  \\$aUk$cUk$dUk
=042  \\$aissnuk
=084  \\$aEB 00$2blsrissc
=110  2\$aBritish Society of Animal Production.
=210  0\$aProc. Br. Soc. Anim. Prod.$b(1972)
=222  \0$aProceedings of the British Society of Animal Production$b(1972)
=240  10$aProceedings of the British Society of Animal Production (1972)
=245  10$aProceedings of the British Society of Animal Production.
=260  \\$aEdinburgh :$bLongman,$cc1972-1975.
=300  \\$a4 v. ;$c25 cm.
=310  \\$aAnnual
=336  \\$atext$2rdacontent
=337  \\$aunmediated$2rdamedia
=338  \\$avolume$2rdacarrier
=515  \\$aFirst issue, 1972, subsequently considered to be volume 1.
=580  \\$aProceedings from 1958 to 1971 incorporated in "Animal production (Edinburgh)"
=595  \\$aFORMERLY IN 0905.06 UP TO 1971 CONTD IN 0905.06 VOL. 22, 1976-
=650  \0$aLivestock$vCongresses.
=650  \0$aDairying$vCongresses.
=780  17$tAnimal production$x0003-3561
=852  49$aBritish Library$bDSC$3See shelfmark 6668.000000
=852  71$aBritish Library$bSTI$k(P)$hEB 00$m-E(26)$2blsrissc$31972-1974; New series, [vol.1]-3.
=985  \\$aRecord merged by DQ team
=CAT  \\$aCONV$b00$c20040425$lBLL90$h0849
=CAT  \\$aCONV$b00$c20040502$lBLL01$h1351
=CAT  \\$aglobal_upd$b40$c20060417$lBLL01$h1732
=CAT  \\$a8201$b40$c20090615$lBLL01$h1049
=CAT  \\$aBATCH$b00$c20091210$lBLL01$h0034
=FIN  \\$aY
=FMT  \\$a  SE
=LAS  \\$aBATCH$b00$c20091210$lBLL01$h0034
=LEO  \\$aMP22.0000020859
=LEO  \\$aMP25.0000112058
=SRC  \\$aISN01$bbibmp22.200404.2.aa
=SRC  \\$aSRI01$bbibmp25.200404.2.aa
=TCO  \\$aCLA$bCLA$c008

