=LDR  04934cas a2201105 a 4500
=001  010189927
=003  Uk
=005  20230210005251.0
=007  ta
=008  761209c19769999enkmr\p\\\\\\\0\\\a0eng\\
=019  0\$as265338018
=019  c\$a2193536
=022  0\$a0309-1554$202
=040  \\$aUk$cUk$dUk
=042  \\$aissnuk
=084  \\$aGV 00$2blsrissc
=084  \\$aFC 30$2blsrissc
=210  0\$aIRCS med. sci. Nerv. syst.
=222  \0$aIRCS medical science. Nervous system
=245  00$aIRCS medical science.$pNervous system.
=246  3\$aInternational Research Communications System medical science. Nervous system
=246  30$aNervous system
=260  \\$a[Barking] :$bElsevier Applied Science,$c1976-86.
=260  \\$aLancaster :$bMTP International Research Communications.
=300  \\$av. :$bill. ;$c30 cm.
=310  \\$aMonthly
=336  \\$atext$2rdacontent
=337  \\$aunmediated$2rdamedia
=338  \\$avolume$2rdacarrier
=515  \\$aIssue and page numbering shared between various titles in the series.
=540  \\$aCurrent Copyright Fee: GBP29.95$c0$5Uk
=650  \0$aNervous system$vPeriodicals.
=710  2\$aInternational Research Communications System.
=780  04$tIRCS medical science. Neurobiology and neurophysiology$x0305-6848
=780  04$tIRCS medical science. Neurology and neurosurgery$x0305-6856
=852  49$aBritish Library$bDSC$3See shelfmark 4567.647070***UKRR-Excluded-Out of Scope
=852  71$aBritish Library$bSTI$k(P)$hGV 00$m-E(8)$2blsrissc$31976-1986; Vol.4-14. ; Deficient: vol.10, no.1, 1982***UKRR-Excluded-Out of Scope
=945  \\$aIRCS MEDICAL SCIENCE NERVOUS SYSTEM.
=985  \\$aRecord merged by DQ team
=ACF  \\$aPrevious Copyright Fee: GBP22.00$c0$e01-apr-2012$fGBP22.00$g0$hC$5Uk
=ACF  \\$aPrevious Copyright Fee: GBP22.00$c0$e01-jan-2012$fGBP22.00$g0$hC$5Uk
=ACF  \\$aPrevious Copyright Fee: GBP22.00$c0$e01-oct-2011$fGBP22.00$g0$hC$5Uk
=ACF  \\$aPrevious Copyright Fee: GBP22.00$c0$e01-jul-2011$fGBP22.00$g0$hC$5Uk
=ACF  \\$aPrevious Copyright Fee: GBP22.00$c0$e01-apr-2011$fGBP22.00$g0$hC$5Uk
=ACF  \\$aPrevious Copyright Fee: GBP22.00$c0$e01-jan-2011$fGBP22.00$g0$hC$5Uk
=ACF  \\$aPrevious Copyright Fee: GBP9.00$c0$e01-oct-2010$fGBP9.00$g0$hC$5Uk
=ACF  \\$aPrevious Copyright Fee: GBP9.00$c0$e01-jul-2010$fGBP9.00$g0$hC$5Uk
=ACF  \\$aPrevious Copyright Fee: GBP9.00$c0$e01-apr-2010$fGBP9.00$g0$hC$5Uk
=ACF  \\$aPrevious Copyright Fee: GBP9.00$c0$e01-Jan-2010$fGBP9.00$g0$hC$5Uk
=ACF  \\$aPrevious Copyright Fee: GBP6.00$c0$e01-oct-2009$fGBP6.00$g0$hC$5Uk
=ACF  \\$aCurrent copyright fee: GBP4.40$c0$e01-jul-1998$fGBP4.40$g0$hA$5Uk
=ACF  \\$aCurrent copyright fee: GBP4.20$c0$e01-apr-1997$fGBP4.20$g0$hA$5Uk
=ACF  \\$aPrevious Copyright Fee: GBP22.00$c0$e01-jul-2012$fGBP22.00$g0$hC$5Uk
=ACF  \\$aPrevious Copyright Fee: GBP22.00$c0$e01-oct-2012$fGBP22.00$g0$hC$5Uk
=ACF  \\$aPrevious Copyright Fee: GBP29.95$c0$e01-jan-2013$fGBP29.95$g0$hC$5Uk
=CAT  \\$aCONV$b00$c20040425$lBLL90$h0849
=CAT  \\$aBATCH-CLA$b00$c20100831$lBLL01$h1532
=CAT  \\$aIPL-CLA$c20100930$lBLL01$h1506
=CAT  \\$aBATCH-CLA$b00$c20101115$lBLL01$h1556
=CAT  \\$aIPL-CLA$c20101231$lBLL01$h1333
=CAT  \\$aBATCH-CLA$b00$c20110228$lBLL01$h1536
=CAT  \\$aIPL-CLA$c20110331$lBLL01$h1444
=CAT  \\$aBATCH-CLA$b00$c20110531$lBLL01$h1640
=CAT  \\$aIPL-CLA$c20110630$lBLL01$h1525
=CAT  \\$aBATCH-CLA$b00$c20110831$lBLL01$h1754
=CAT  \\$aIPL-CLA$c20110930$lBLL01$h1526
=CAT  \\$aBATCH-CLA$b00$c20111130$lBLL01$h1209
=CAT  \\$aIPL-CLA$c20111230$lBLL01$h1833
=CAT  \\$aBATCH-CLA$b00$c20120229$lBLL01$h1618
=CAT  \\$aIPL-CLA$c20120330$lBLL01$h1412
=CAT  \\$aBATCH-CLA$b00$c20120531$lBLL01$h1704
=CAT  \\$aIPL-CLA$c20120629$lBLL01$h1010
=CAT  \\$aBATCH-CLA$b00$c20120831$lBLL01$h1539
=CAT  \\$aIPL-CLA$c20120930$lBLL01$h2036
=CAT  \\$aBATCH-CLA$b00$c20121105$lBLL01$h1748
=CAT  \\$aBATCH-CLA$b00$c20121130$lBLL01$h1243
=CAT  \\$aIPL-CLA$c20121231$lBLL01$h1256
=CAT  \\$aIPL-CLA$c20130102$lBLL01$h1704
=CAT  \\$aWR13.005$c20130323$lBLL01$h1519
=CAT  \\$aBATCH-CLA$b00$c20221130$lBLL01$h1454
=CAT  \\$aIPL-CLA$c20221231$lBLL01$h1938
=CAT  \\$aBATCH-CLA$b00$c20230209$lBLL01$h1540
=CAT  \\$aIPL-CLA$c20230210$lBLL01$h0052
=CFI  0\$aCurrent Copyright Fee: GBP29.95$c0$e09-feb-2023$fGBP29.95$g0$hC$5Uk
=CFI  2\$aBritish Library not licensed to copy$c0$e01-jan-2023$hC$iCFP Excluded$5Uk
=FIN  \\$aY
=FMT  \\$a  SE
=LAS  \\$aIPL-CLA$b00$c20230210$lBLL01$h0052
=LEO  \\$aMP25.0000106301
=LEO  \\$aMP10.0000302592
=LEO  \\$aMP22.0000021759
=SRC  \\$aSRI01$bbibmp25.200404.2.aa
=SRC  \\$aDSS01$bbibmp10.200404.2.aa
=SRC  \\$aISN01$bbibmp22.200404.2.aa
=TCO  \\$aCLA$bCLA$c008

