=LDR  02212 as a2200577 a 4500
=001  010190466
=003  Uk
=005  20121010155616.0
=007  ta
=008  040419d19391946enkwr\p\\\a\\\0\\\a0eng\\
=019  0\$as080518001
=022  0\$a0366-2659$202
=030  \\$aBRALAT
=040  \\$aUk$cUk$dUk
=082  04$a669.72$223
=084  \\$aTE 09(A1)$2blsrissc
=210  0\$aLight met. bull.$b(1939)
=222  \0$aLight metals bulletin$b(1939)
=245  00$aLight metals bulletin.
=260  \\$aLondon :$bIntelligence Department, British Aluminium Company,$c1939-1946.
=300  \\$a10 v. ;$c27 cm.
=336  \\$atext$2rdacontent
=337  \\$aunmediated$2rdamedia
=338  \\$avolume$2rdacarrier
=362  0\$aVol. 1, no. 1 (16 Oct. 1939)-v. 10, no. 30 (6 Sept. 1946).
=580  \\$aReplaces: Light metals research, and Light metals review; titles suspended 1939-1946.
=650  \0$aLight metals$vAbstracts$vPeriodicals.
=710  2\$aBritish Aluminium Company.
=780  14$tLight metals research$x0365-8953
=780  14$tLight metals review (1934)$x0365-897X
=785  16$tLight metals research (1946)
=785  16$tLight metals review (1946)$x0262-3609
=852  49$aBritish Library$bDSC$3See shelfmark 5212.000000 for vol. 2, no. 1 (1940)-v. 24, no. 25 (1962)
=852  71$aBritish Library$bSTI$k(A)$hTE 09$m(A1) -E(2)$2blsrissc$31940-1946; Vol. 1-10, no. 1-30
=985  \\$aRecord merged by DQ team
=CAT  \\$aCONV$b00$c20040425$lBLL90$h0849
=CAT  \\$aCONV$b00$c20040502$lBLL01$h1351
=CAT  \\$aglobal_upd$b40$c20060417$lBLL01$h1733
=CAT  \\$aBATCH$b00$c20091210$lBLL01$h0035
=CAT  \\$a8201$b40$c20121010$lBLL01$h1437
=CAT  \\$a8201$b40$c20121010$lBLL01$h1556
=FIN  \\$aY
=FMT  \\$a  SE
=LAS  \\$a8201$b40$c20121010$lBLL01$h1556
=LEO  \\$aMP25.0000009947
=LEO  \\$aMP22.0000022600
=LKR  \\$aPAR$b016187660$lBLL01$nLight metals research (London, England : 1946)$mLight metals bulletin$r78517
=LKR  \\$aPAR$b010183757$lBLL01$nLight metals review (London, England : 1946)$mLight metals bulletin (1939)$r78517
=SRC  \\$aSRI01$bbibmp25.200404.2.aa
=SRC  \\$aISN01$bbibmp22.200404.2.aa
=TCO  \\$aCLA$bCLA$c008

