=LDR  03555cas a2200829 a 4500
=001  010190495
=003  Uk
=005  20221231193811.0
=007  ta
=008  040419d19621964xxkmr\p\\\\\\\0\\\a0eng\\
=022  0\$a0366-7189$202
=030  \\$aCMUEAG
=040  \\$aUk$cUk$dUk
=042  \\$aissnuk
=082  04$a628$222
=210  0\$aChart. munic. eng.$b(1962)
=222  \0$aChartered municipal engineer$b(1962)
=245  00$aChartered municipal engineer.
=260  \\$aLondon :$bInstitution of Municipal Engineers,$c1962-1964.
=336  \\$atext$2rdacontent
=337  \\$aunmediated$2rdamedia
=338  \\$avolume$2rdacarrier
=540  \\$aCurrent Copyright Fee: GBP25.00$c0$5Uk
=650  \0$aMunicipal engineering$zGreat Britain$vPeriodicals.
=650  \0$aCivil engineering$zGreat Britain$vPeriodicals.
=650  \0$aPublic works$zGreat Britain$vPeriodicals.
=780  00$tJournal of the Institution of Municipal Engineers (1947)
=785  00$tJournal of the Institution of Municipal Engineers (1965)$x0020-3505
=852  49$aBritish Library$bDSC$3See shelfmark 3131.100000 for vol. 89, 1962- 109(3), 1982 *A=3
=852  71$aBritish Library$bSTI$k(P)$hVW 35$m-E(3)$2blsrissc$31962-1964; Vol.89-91
=ACF  \\$aPrevious Copyright Fee: GBP6.00$c0$e01-oct-2008$fGBP6.00$g0$hC$5Uk
=ACF  \\$aPrevious copyright fee: GBP10.50$c0$e01-jan-2011$fGBP10.50$g0$hA$5Uk
=ACF  \\$aPrevious copyright fee: GBP12.00$c0$e01-jan-2012$fGBP12.00$g0$hA$5Uk
=ACF  \\$aPrevious Copyright Fee: GBP12.30$c0$e01-jan-2014$fGBP12.30$g0$hA$5Uk
=ACF  \\$aPrevious Copyright Fee: GBP15.00$c0$e01-jan-2017$fGBP15.00$g0$hA$5Uk
=ACF  \\$aPrevious Copyright Fee: GBP17.50$c0$e01-jan-2018$fGBP17.50$g0$hA$5Uk
=ACF  \\$aPrevious Copyright Fee: GBP20.00$c0$e01-jan-2020$fGBP20.00$g0$hA$5Uk
=CAT  \\$aCONV$b00$c20040425$lBLL90$h0849
=CAT  \\$a8201$b40$c20070522$lBLL01$h1456
=CAT  \\$a8201$b40$c20080123$lBLL01$h1355
=CAT  \\$aBATCH-CLA$b00$c20080829$lBLL01$h1823
=CAT  \\$aBATCH-UPD$b00$c20080930$lBLL01$h2341
=CAT  \\$aBATCH$b00$c20081001$lBLL01$h0100
=CAT  \\$aBATCH$b00$c20091210$lBLL01$h0035
=CAT  \\$aBATCH-UPD$b00$c20101201$lBLL01$h1229
=CAT  \\$aBATCH-UPD$b00$c20101220$lBLL01$h1249
=CAT  \\$aIPL-CLA$c20101231$lBLL01$h1333
=CAT  \\$aWR11_203$c20111204$lBLL01$h1401
=CAT  \\$aIPL-CLA$c20111230$lBLL01$h1833
=CAT  \\$aBATCH-CLA$b00$c20121105$lBLL01$h1748
=CAT  \\$aBATCH-CLA$c20131218$lBLL01$h2240
=CAT  \\$aIPL-CLA$c20131231$lBLL01$h2100
=CAT  \\$aBATCH-CLA$b00$c20161222$lBLL01$h1729
=CAT  \\$aIPL-CLA$c20161230$lBLL01$h1932
=CAT  \\$aBATCH-CLA$b00$c20171222$lBLL01$h2032
=CAT  \\$aIPL-CLA$c20171231$lBLL01$h1503
=CAT  \\$aBATCH-CLA$b00$c20191219$lBLL01$h1654
=CAT  \\$aIPL-CLA$c20191231$lBLL01$h1819
=CAT  \\$aR2001-1524$c20200127$lBLL01$h1941
=CAT  \\$aBATCH-CLA$b00$c20201204$lBLL01$h1452
=CAT  \\$aIPL-CLA$c20201231$lBLL01$h2027
=CAT  \\$aBATCH-CLA$b00$c20221221$lBLL01$h1758
=CAT  \\$aIPL-CLA$c20221231$lBLL01$h1938
=CFI  0\$aCurrent Copyright Fee: GBP25.00$c0$e01-jan-2023$fGBP25.00$g0$hA$5Uk
=CFI  2\$aPrevious Copyright Fee: GBP22.50$c0$e01-jan-2021$fGBP22.50$g0$hA$5Uk
=FIN  \\$aY
=FMT  \\$a  SE
=LAS  \\$aIPL-CLA$b00$c20221231$lBLL01$h1938
=LEO  \\$aMP22.0000022648
=LKR  \\$aPAR$b012090616$lBLL01$nJournal of the Institution of$mChartered municipal engineer$r78500
=SRC  \\$aISN01$bbibmp22.200404.2.aa
=TCO  \\$aCLA$bCLA$c008

