=LDR  02079 as a2200553 a 4500
=001  010190672
=003  Uk
=005  20080110115801.0
=007  ta
=008  040419d19651966enkmr\p\\\\\\\0\\\a0eng\\
=022  0\$a1756-6851$y0368-9549$202
=030  \\$aMETMAL
=040  \\$aUk$cUk$dUk
=042  \\$aissnuk
=082  04$a669.05$222
=084  \\$aTD 80$2blsrissc
=130  0\$aMetal treatment (1965)
=210  0\$aMet. treat.$b(1965)
=222  \0$aMetal treatment$b(1965)
=245  10$aMetal treatment :$bincorporating The drop forger.
=260  \\$aLondon :$bFuel & Metallurgical Journals,$c1965-1966.
=300  \\$c24cm.
=310  \\$aMonthly
=336  \\$atext$2rdacontent
=337  \\$aunmediated$2rdamedia
=338  \\$avolume$2rdacarrier
=650  \0$aMetallurgy$vPeriodicals.
=710  2\$aNational Association of Drop Forgers and Stampers (Great Britain)
=780  00$tMetal treatment and drop forging$x0369-2280
=785  00$aMetal forming$x0026-0622
=852  71$aBritish Library$bSTI$k(P)$hTD 80$m-E(9)$2blsrissc$31935-1948; Vol.1-15; No.1-53
=852  49$aBritish Library$bDSC$3See shelfmark 5688.800000 for vol. 32, no. 238 (July 1965)- v. 33, no. 253 (Oct. 1966)
=985  \\$aISSN Centre note: Local Aleph records incorrectly quoted ISSN 0368-9549 for this during period Apr. 2004-Dec. 2007.
=CAT  \\$aCONV$b00$c20040425$lBLL90$h0849
=CAT  \\$aCONV$b00$c20040502$lBLL01$h1351
=CAT  \\$aglobal_upd$b40$c20060417$lBLL01$h1733
=CAT  \\$a8201$b40$c20080110$lBLL01$h1139
=CAT  \\$a11316$b40$c20080110$lBLL01$h1156
=CAT  \\$a11316$b40$c20080110$lBLL01$h1157
=CAT  \\$a11316$b40$c20080110$lBLL01$h1158
=CAT  \\$aBATCH$b00$c20091210$lBLL01$h0035
=FIN  \\$aY
=FMT  \\$a  SE
=LAS  \\$aBATCH$b00$c20091210$lBLL01$h0035
=LEO  \\$aMP22.0000022879
=LKR  \\$aPAR$b012098864$lBLL01$nMetal forming.$mMetal treatment$r78500
=LKR  \\$aPAR$b011760242$lBLL01$r78000$mMetal treatment (1965)$nMetal Treatment and Drop Forging
=SRC  \\$aISN01$bbibmp22.200404.2.aa
=TCO  \\$aCLA$bCLA$c008

