=LDR  03254cas a22007933a 4500
=001  010191085
=003  Uk
=005  20221231193817.0
=007  ta
=008  780322d19681969enka|\p\\\\\\\0\\\a0eng\\
=022  0\$a0435-1266$202
=040  \\$aUk$cUk
=084  \\$aVX 00$2blsrissc
=210  0\$aBuild. Res. Stn.
=222  \0$aBuilding Research Station
=245  00$aBuilding Research Station
=264  \1$aLondon :$bH.M.S.O.
=300  \\$c30 cm
=336  \\$atext$2rdacontent
=337  \\$aunmediated$2rdamedia
=338  \\$avolume$2rdacarrier
=540  \\$aCurrent Copyright Fee: GBP25.00$c0$5Uk
=710  1\$aGreat Britain.$bMinistry of Public Building and Works.
=780  00$tBuilding research (London. 1957)$x0007-3601
=785  00$tAnnual report - Building Research Station$x0068-354X
=852  49$aBritish Library$bDSC$3See shelfmark 1131.700000 for 1968-1969
=852  71$aBritish Library$bSTI$k(P)$hVX 00$m-E(9)$2blsrissc$31966 & 1969
=985  \\$aCorrected by MS generated file for WR# 1805-0738
=ACF  \\$aPrevious Copyright Fee: GBP0.60$c0$e01-oct-2008$fGBP0.60$g0$hC$5Uk
=ACF  \\$aPrevious copyright fee: GBP10.50$c0$e01-jan-2011$fGBP10.50$g0$hA$5Uk
=ACF  \\$aPrevious copyright fee: GBP12.00$c0$e01-jan-2012$fGBP12.00$g0$hA$5Uk
=ACF  \\$aPrevious Copyright Fee: GBP12.30$c0$e01-jan-2014$fGBP12.30$g0$hA$5Uk
=ACF  \\$aPrevious Copyright Fee: GBP15.00$c0$e01-jan-2017$fGBP15.00$g0$hA$5Uk
=ACF  \\$aPrevious Copyright Fee: GBP17.50$c0$e01-jan-2018$fGBP17.50$g0$hA$5Uk
=ACF  \\$aPrevious Copyright Fee: GBP20.00$c0$e01-jan-2020$fGBP20.00$g0$hA$5Uk
=CAT  \\$aCONV$b00$c20040425$lBLL90$h0849
=CAT  \\$a8456$b40$c20080114$lBLL01$h1709
=CAT  \\$aBATCH-CLA$b00$c20080829$lBLL01$h1850
=CAT  \\$aBATCH-UPD$b00$c20080930$lBLL01$h2341
=CAT  \\$aBATCH$b00$c20081001$lBLL01$h0100
=CAT  \\$aBATCH$b00$c20091210$lBLL01$h0035
=CAT  \\$aBATCH-UPD$b00$c20101201$lBLL01$h1229
=CAT  \\$aIPL-CLA$c20101231$lBLL01$h1333
=CAT  \\$aWR11_203$c20111204$lBLL01$h1401
=CAT  \\$aIPL-CLA$c20111230$lBLL01$h1834
=CAT  \\$aBATCH-CLA$b00$c20121105$lBLL01$h1748
=CAT  \\$aBATCH-CLA$c20131218$lBLL01$h2240
=CAT  \\$aIPL-CLA$c20131231$lBLL01$h2100
=CAT  \\$aBATCH-CLA$b00$c20161222$lBLL01$h1729
=CAT  \\$aIPL-CLA$c20161230$lBLL01$h1932
=CAT  \\$aBATCH-CLA$b00$c20171222$lBLL01$h2032
=CAT  \\$aIPL-CLA$c20171231$lBLL01$h1503
=CAT  \\$a1805-0738$c20181221$lBLL01$h1826
=CAT  \\$a1805-0738$b00$c20181221$lBLL01$h1915
=CAT  \\$aBATCH-CLA$b00$c20191219$lBLL01$h1654
=CAT  \\$aIPL-CLA$c20191231$lBLL01$h1819
=CAT  \\$aR2001-1524$c20200127$lBLL01$h1941
=CAT  \\$aBATCH-CLA$b00$c20201204$lBLL01$h1452
=CAT  \\$aIPL-CLA$c20201231$lBLL01$h2027
=CAT  \\$aBATCH-CLA$b00$c20221221$lBLL01$h1758
=CAT  \\$aIPL-CLA$c20221231$lBLL01$h1938
=CFI  0\$aCurrent Copyright Fee: GBP25.00$c0$e01-jan-2023$fGBP25.00$g0$hA$5Uk
=CFI  2\$aPrevious Copyright Fee: GBP22.50$c0$e01-jan-2021$fGBP22.50$g0$hA$5Uk
=FIN  \\$aY
=FMT  \\$a  SE
=LAS  \\$aIPL-CLA$b00$c20221231$lBLL01$h1938
=LEO  \\$aMP22.0000023372
=SRC  \\$aISN01$bbibmp22.200404.2.aa
=TCO  \\$aCLA$bCLA$c008

