=LDR  04378cas a22009617a 4500
=001  010191337
=003  Uk
=005  20221231193819.0
=007  ta
=008  861202d19521956enkbr\p\\\\\\\0\\\a0eng\\
=019  0\$as090900006
=019  c\$a2219402
=022  0\$a0534-2759$202
=040  \\$aUk$cUk$dUk
=042  \\$aissnuk
=084  \\$aVW 00$2blsrissc
=210  0\$aProc. Inst. Civ. Eng., I Gen.
=222  \0$aProceedings of the Institution of Civil Engineers. Part I, General
=245  00$aProceedings of the Institution of Civil Engineers.$nPart I,$pGeneral.
=246  30$aGeneral
=260  \\$aLondon :$bInstitution of Civil Engineers
=310  \\$aBi-monthly
=336  \\$atext$2rdacontent
=337  \\$aunmediated$2rdamedia
=338  \\$avolume$2rdacarrier
=540  \\$aCurrent Copyright Fee: GBP25.00$c0$5Uk
=580  \\$aMerged with Proceedings Parts II (ISSN 0534-2767) and III (ISSN 0534-2775) to form Proceedings (ISSN 0020-3262).
=595  \\$aSEE ALSO SERIAL RECORDS DOE/DT.
=710  2\$aInstitution of Civil Engineers (Great Britain)
=776  08$iAlso issued online as:$tProceedings of the Institution of Civil Engineers. Part I, General$x2054-0485
=780  01$tJournal of the Institution of Civil Engineers$x0368-2455
=785  17$tProceedings of the Institution of Civil Engineers. Part II, Engineering Divisions. Airport, Maritime, Railway, Road$x0534-2767
=785  17$tProceedings of the Institution of Civil Engineers. Part III, Engineering Divisions. Public Health, Structural, Works Construction, Hydraulics$x0534-2775
=785  17$tProceedings - Institution of Civil Engineers$x0020-3262
=852  71$aBritish Library$bSTI$k(P)$hVW 00$m-E(12)$2blsrissc$31952-1956
=852  49$aBritish Library$bDSC$3See 6722.00000 for vols 1952-1956
=964  \\$aVOL. 1, 1952- 5, 1956 *A=1$c624$dO$eTL5098
=ACF  \\$aPrevious Copyright Fee: GBP6.00$c0$e01-oct-2008$fGBP6.00$g0$hC$5Uk
=ACF  \\$aPrevious copyright fee: GBP10.50$c0$e01-jan-2011$fGBP10.50$g0$hA$5Uk
=ACF  \\$aPrevious copyright fee: GBP12.00$c0$e01-jan-2012$fGBP12.00$g0$hA$5Uk
=ACF  \\$aPrevious Copyright Fee: GBP12.30$c0$e01-jan-2014$fGBP12.30$g0$hA$5Uk
=ACF  \\$aPrevious Copyright Fee: GBP15.00$c0$e01-jan-2017$fGBP15.00$g0$hA$5Uk
=ACF  \\$aPrevious Copyright Fee: GBP17.50$c0$e01-jan-2018$fGBP17.50$g0$hA$5Uk
=ACF  \\$aPrevious Copyright Fee: GBP20.00$c0$e01-jan-2020$fGBP20.00$g0$hA$5Uk
=CAT  \\$aCONV$b00$c20040425$lBLL90$h0849
=CAT  \\$aBATCH$b00$c20081001$lBLL01$h0100
=CAT  \\$a6537$b40$c20090707$lBLL01$h0730
=CAT  \\$a6537$b40$c20090707$lBLL01$h0734
=CAT  \\$a6537$b40$c20090707$lBLL01$h0754
=CAT  \\$a6537$b40$c20090707$lBLL01$h0837
=CAT  \\$aBATCH$b00$c20091210$lBLL01$h0035
=CAT  \\$aBATCH-UPD$b00$c20101201$lBLL01$h1229
=CAT  \\$aIPL-CLA$c20101231$lBLL01$h1333
=CAT  \\$aWR11_203$c20111204$lBLL01$h1401
=CAT  \\$aIPL-CLA$c20111230$lBLL01$h1834
=CAT  \\$aBATCH-CLA$b00$c20121105$lBLL01$h1748
=CAT  \\$a11316$b40$c20131002$lBLL01$h1424
=CAT  \\$aBATCH-CLA$c20131218$lBLL01$h2240
=CAT  \\$aIPL-CLA$c20131231$lBLL01$h2100
=CAT  \\$aBATCH-CLA$b00$c20161222$lBLL01$h1729
=CAT  \\$aIPL-CLA$c20161230$lBLL01$h1932
=CAT  \\$aBATCH-CLA$b00$c20171222$lBLL01$h2032
=CAT  \\$aIPL-CLA$c20171231$lBLL01$h1503
=CAT  \\$aBATCH-CLA$b00$c20191219$lBLL01$h1654
=CAT  \\$aIPL-CLA$c20191231$lBLL01$h1819
=CAT  \\$aR2001-1524$c20200127$lBLL01$h1941
=CAT  \\$aBATCH-CLA$b00$c20201204$lBLL01$h1452
=CAT  \\$aIPL-CLA$c20201231$lBLL01$h2027
=CAT  \\$aBATCH-CLA$b00$c20221221$lBLL01$h1758
=CAT  \\$aIPL-CLA$c20221231$lBLL01$h1938
=CFI  0\$aCurrent Copyright Fee: GBP25.00$c0$e01-jan-2023$fGBP25.00$g0$hA$5Uk
=CFI  2\$aPrevious Copyright Fee: GBP22.50$c0$e01-jan-2021$fGBP22.50$g0$hA$5Uk
=FIN  \\$aY
=FMT  \\$a  SE
=LAS  \\$aIPL-CLA$b00$c20221231$lBLL01$h1938
=LEO  \\$aMP25.0000012312
=LEO  \\$aMP10.0000452309
=LEO  \\$aMP22.0000023662
=LKR  \\$aPAR$b012098958$lBLL01$r78001$mProceedings of the Institution of Civil Engineers. Part I, General$nJournal of the Institution of Civil Engineers
=SRC  \\$aSRI01$bbibmp25.200404.2.aa
=SRC  \\$aDSS01$bbibmp10.200404.2.aa
=SRC  \\$aISN01$bbibmp22.200404.2.aa
=TCO  \\$aCLA$bCLA$c008

