=LDR  04837 as a22009617a 4500
=001  010191339
=003  Uk
=005  20131002145344.0
=007  ta
=008  830118d19521956enktr\p\\\\\\\0\\\a0eng\\
=019  c\$a2219400
=019  x\$a1981580158
=022  0\$a0534-2775$202
=040  \\$aUk$cUk$dUk
=042  \\$aissnuk
=084  \\$aVW 00$2blsrissc
=210  0\$aProc. Inst. Civ. Eng., III Eng. Div., Public Health Struct Works Constr. Hydraul.
=222  \0$aProceedings of the Institution of Civil Engineers. Part III, Engineering Divisions. Public Health, Structural, Works Construction, Hydraulics
=245  00$aProceedings of the Institution of Civil Engineers.$nPart III,$pEngineering Divisions. Public Health, Structural, Works Construction, Hydraulics.
=246  30$aEngineering Divisions: Public Health, Structural, Works Construction, Hydraulics
=260  \\$aLondon :$bInstitution of Civil Engineers
=336  \\$atext$2rdacontent
=337  \\$aunmediated$2rdamedia
=338  \\$avolume$2rdacarrier
=540  \\$aBritish Library not licensed to copy$c0$5Uk
=580  \\$aMerged with Proceedings parts I (ISSN 0534-2759) and II (ISSN 0534-2767) to form Proceedings (ISSN 0020-3262)
=595  \\$aSEE ALSO SERIAL RECORDS DOE/DT.
=710  2\$aInstitution of Civil Engineers (Great Britain)
=776  08$iAlso issued online as:$tProceedings of the Institution of Civil Engineers. Part III, Engineering Divisions. Public Health, Structural, Works Construction, Hydraulics$x2054-0507
=780  01$tJournal of the Institution of Civil Engineers$x0368-2455
=785  17$tProceedings of the Institution of Civil Engineers. Part I, General$x0534-2759
=785  17$tProceedings of the Institution of Civil Engineers. Part II, Engineering Divisions. Airport, Maritime, Railway, Road$x0534-2767
=785  17$tProceedings - Institution of Civil Engineers$x0020-3262
=852  71$aBritish Library$bSTI$k(P)$hVW 00$m-E(12)$2blsrissc$31952-1956
=852  49$aBritish Library$bDSC$3See shelfmark 6722.00000 for vols 1952-1956
=964  \\$aVOL. 1, 1956- 5, 1956 *A=1$c624$dO$eTL51
=ACF  \\$aPrevious Copyright Fee: GBP6.00$c0$e01-oct-2008$fGBP6.00$g0$hC$5Uk
=ACF  \\$aPrevious copyright fee: GBP10.50$c0$e01-jan-2011$fGBP10.50$g0$hA$5Uk
=ACF  \\$aPrevious copyright fee: GBP12.00$c0$e01-jan-2012$fGBP12.00$g0$hA$5Uk
=ACF  \\$aBritish Library not licensed to copy$c0$e01-jan-2013$hC$iCFP Excluded$5Uk
=ACF  \\$aBritish Library not licensed to copy$c0$e01-apr-2013$hC$iCFP Excluded$5Uk
=ACF  \\$aBritish Library not licensed to copy$c0$e01-jul-2013$hC$iCFP Excluded$5Uk
=ACF  \\$aBritish Library not licensed to copy$c0$e01-oct-2013$hC$iCFP Excluded$5Uk
=ACF  \\$aBritish Library not licensed to copy$c0$e01-jan-2014$hC$iCFP Excluded$5Uk
=CAT  \\$aCONV$b00$c20040425$lBLL90$h0849
=CAT  \\$a6537$b40$c20090707$lBLL01$h1115
=CAT  \\$aBATCH$b00$c20091210$lBLL01$h0035
=CAT  \\$a8874$b40$c20100323$lBLL01$h1448
=CAT  \\$aBATCH-UPD$b40$c20101201$lBLL01$h1229
=CAT  \\$aIPL-CLA$c20101231$lBLL01$h1333
=CAT  \\$aWR11_203$c20111204$lBLL01$h1401
=CAT  \\$aIPL-CLA$c20111230$lBLL01$h1834
=CAT  \\$aBATCH-CLA$b00$c20121105$lBLL01$h1748
=CAT  \\$aBATCH-CLA$b00$c20121130$lBLL01$h1242
=CAT  \\$aIPL-CLA$c20121231$lBLL01$h1256
=CAT  \\$aIPL-CLA$c20130102$lBLL01$h1704
=CAT  \\$aBATCH-CLA$b00$c20130228$lBLL01$h1706
=CAT  \\$aIPL-CLA$c20130331$lBLL01$h1048
=CAT  \\$a540_fix$c20130403$lBLL01$h2008
=CAT  \\$aBATCH-CLA$b00$c20130531$lBLL01$h1641
=CAT  \\$aIPL-CLA$c20130701$lBLL01$h0021
=CAT  \\$aBATCH-CLA$b00$c20130830$lBLL01$h1629
=CAT  \\$aIPL-CLA$c20130930$lBLL01$h1729
=CAT  \\$a11316$b40$c20131002$lBLL01$h1453
=CAT  \\$aBATCH-CLA$b00$c20131129$lBLL01$h1658
=CAT  \\$aIPL-CLA$c20131231$lBLL01$h2100
=CAT  \\$aBATCH-CLA$b00$c20140228$lBLL01$h1617
=CAT  \\$aIPL-CLA$c20140331$lBLL01$h1621
=CAT  \\$aBATCH-CLA$b00$c20140530$lBLL01$h1714
=CAT  \\$aIPL-CLA$c20140630$lBLL01$h1707
=CFI  0\$aBritish Library not licensed to copy$c0$e01-jul-2014$hC$iCFP Excluded$5Uk
=CFI  2\$aBritish Library not licensed to copy$c0$e01-apr-2014$hC$iCFP Excluded$5Uk
=FIN  \\$aY
=FMT  \\$a  SE
=LAS  \\$aIPL-CLA$b00$c20140630$lBLL01$h1707
=LEO  \\$aMP10.0000452312
=LEO  \\$aMP22.0000023664
=LEO  \\$aMP1.0002367749.1.3
=LKR  \\$aPAR$b012098958$lBLL01$r78001$mProceedings of the Institution of Civil Engineers. Part III, Engineering Divisions. Public Health, Structural, Works Construction, Hydraulics$nJournal of the Institution of Civil Engineers
=SRC  \\$aBLS01$bbibmp1.200404.2.ac
=SRC  \\$aDSS01$bbibmp10.200404.2.aa
=SRC  \\$aISN01$bbibmp22.200404.2.aa
=TCO  \\$aCLA$bCLA$c008

