=LDR  02442 as a2200553 a 4500
=001  010192282
=003  Uk
=005  20090626151002.0
=007  ta
=008  870609d19651981stkar\p\\\\\\\0\\\a0eng\\
=022  0\$a0951-2764$202
=040  \\$aUk$cUk$dUk
=042  \\$aissnuk
=110  2\$aScottish Plant Breeding Station.
=210  0\$aAnnu. rep. - Scott. Plant. Breed. Stn.$b(1966)
=222  \0$aAnnual report - Scottish Plant Breeding Station$b(1966)
=245  10$aReport to the annual general meeting of the Scottish Society for Research in Plant Breeding ... by the Board of Directors /$cScottish Plant Breeding Station
=246  13$aReport ... and the Report of the Scottish Society for Research in Plant Breeding$f1976/1977
=246  13$aReport ... and the Report to the ... annual general meeting of the Scottish Society for Research in Plant Breeding$f1977/1978-
=246  14$aAnnual report
=260  \\$aPentlandfield, Roslin, Midlothian :$bThe Station,$c[1966-1981].
=300  \\$av. :$bill. ;$c22 cm.
=336  \\$atext$2rdacontent
=337  \\$aunmediated$2rdamedia
=338  \\$avolume$2rdacarrier
=362  0\$a45th (1965/1966)-60th (1980/1981).
=610  20$aScottish Plant Breeding Station$vPeriodicals.
=610  20$aScottish Society for Research in Plant Breeding$vPeriodicals.
=650  \0$aPlant breeding$vPeriodicals.
=710  2\$aScottish Society for Research in Plant Breeding.
=780  00$tRecord - Scottish Plant Breeding Station$x0951-2756
=785  07$tAnnual report - Scottish Horticultural Research Institute$x0559-1961
=785  07$tAnnual report - Scottish Crop Research Institute$x0263-7200
=852  49$aBritish Library$bDSC$3See shelfmark 7604.000000
=852  71$aBritish Library$bSTI$k(P)$hDT 90$m-E(5)$2blsrissc$31952-1981; 1952-1965; 60th, 1980/81.
=CAT  \\$aCONV$b00$c20040425$lBLL90$h0849
=CAT  \\$aCONV$b00$c20040502$lBLL01$h1351
=CAT  \\$aglobal_upd$b40$c20060417$lBLL01$h1733
=CAT  \\$a8124$b40$c20071218$lBLL01$h1139
=CAT  \\$a8201$b40$c20090626$lBLL01$h1507
=CAT  \\$a8201$b40$c20090626$lBLL01$h1510
=CAT  \\$aBATCH$b00$c20091210$lBLL01$h0036
=FIN  \\$aY
=FMT  \\$a  SE
=LAS  \\$aBATCH$b00$c20091210$lBLL01$h0036
=LEO  \\$aMP22.0000025181
=LKR  \\$aPAR$b011179211$lBLL01$nAnnual report - Scottish Crop$mAnnual report - Scottish Plant$r78500
=SRC  \\$aISN01$bbibmp22.200404.2.aa
=TCO  \\$aCLA$bCLA$c008

