=LDR  06317cas a22011897a 4500
=001  010192568
=003  Uk
=005  20230210005306.0
=007  ta
=008  871215d19871989enkar\\\\\\\\\0\\\a0eng\\
=022  0\$a0951-8428$y0576-7172$202
=040  \\$aUk$cUk$dUk
=042  \\$aissnuk
=084  \\$aKC 80$2blsrissc
=210  0\$aCarbohydr. chem., I Monosacch. disacch. specif. oligosacch.
=222  \0$aCarbohydrate chemistry. Part I, Monosaccharides, disaccharides, and specific oligosaccharides
=245  00$aCarbohydrate chemistry.$nPart I,$pMonosaccharides, disaccharides, and specific oligosaccharides.
=260  \\$aLondon :$bRoyal Society of Chemistry,$c1987-1989.
=310  \\$aAnnual
=336  \\$atext$2rdacontent
=337  \\$aunmediated$2rdamedia
=338  \\$avolume$2rdacarrier
=362  0\$aVol. 19, pt. I-v. 21, pt. I.
=490  0\$aA specialist periodical report
=500  \\$aVol. 19, pt. I reviews recent literature published during 1985; v. 21, pt. I reviews recent literature published during 1987.
=540  \\$aCurrent Copyright Fee: GBP40.00$c0$5Uk
=710  2\$aRoyal Society of Chemistry (Great Britain)
=780  00$tCarbohydrate chemistry. Part I, Mono-, di-, and tri-saccharides and their derivatives$x0951-8401
=785  00$tCarbohydrate chemistry (1990)$x2041-353X
=852  71$aBritish Library$bSTI$k(P)$hKC 80$m-E(4)$2blsrissc$3Vol. 19, pt. I-v. 21, pt. I
=852  49$aBritish Library$bDSC$3See shelfmark 3050.980000 for vol. 19, pt I-v. 21, pt. I
=ACF  \\$aPrevious Copyright Fee: GBP1.15$c0$e01-apr-2012$fGBP1.15$g0$hC$5Uk
=ACF  \\$aPrevious Copyright Fee: GBP1.15$c0$e01-jan-2012$fGBP1.15$g0$hC$5Uk
=ACF  \\$aPrevious Copyright Fee: GBP1.10$c0$e01-oct-2011$fGBP1.10$g0$hC$5Uk
=ACF  \\$aPrevious Copyright Fee: GBP1.10$c0$e01-jul-2011$fGBP1.10$g0$hC$5Uk
=ACF  \\$aPrevious Copyright Fee: GBP1.10$c0$e01-apr-2011$fGBP1.10$g0$hC$5Uk
=ACF  \\$aPrevious Copyright Fee: GBP1.10$c0$e01-jan-2011$fGBP1.10$g0$hC$5Uk
=ACF  \\$aPrevious Copyright Fee: GBP1.10$c0$e01-oct-2010$fGBP1.10$g0$hC$5Uk
=ACF  \\$aPrevious Copyright Fee: GBP1.10$c0$e01-jul-2010$fGBP1.10$g0$hC$5Uk
=ACF  \\$aPrevious Copyright Fee: GBP1.10$c0$e01-apr-2010$fGBP1.10$g0$hC$5Uk
=ACF  \\$aPrevious Copyright Fee: GBP1.10$c0$e01-Jan-2010$fGBP1.10$g0$hC$5Uk
=ACF  \\$aPrevious Copyright Fee: GBP8.80$c0$e01-oct-2009$fGBP8.80$g0$hC$5Uk
=ACF  \\$aPrevious Copyright Fee: GBP8.80$c0$e01-jul-2009$fGBP8.80$g0$hC$5Uk
=ACF  \\$aPrevious Copyright Fee: GBP8.80$c0$e01-apr-2009$fGBP8.80$g0$hC$5Uk
=ACF  \\$aPrevious Copyright Fee: GBP8.80$c0$e01-jan-2009$fGBP8.80$g0$hC$5Uk
=ACF  \\$aPrevious Copyright Fee: GBP8.80$c0$e01-oct-2008$fGBP8.80$g0$hC$5Uk
=ACF  \\$aPrevious Copyright Fee: GBP8.80$c0$e01-jul-2008$fGBP8.80$g0$hC$5Uk
=ACF  \\$aPrevious Copyright Fee: GBP8.80$c0$e01-apr-2008$fGBP8.80$g0$hC$5Uk
=ACF  \\$aPrevious Copyright Fee: GBP8.80$c0$e01-jan-2008$fGBP8.80$g0$hC$5Uk
=ACF  \\$aPrevious Copyright Fee: GBP8.00$c0$e01-oct-2007$fGBP8.00$g0$hC$5Uk
=ACF  \\$aPrevious Copyright Fee: GBP8.00$c0$e01-jul-2007$fGBP8.00$g0$hC$5Uk
=ACF  \\$aPrevious Copyright Fee: GBP8.00$c0$e01-apr-2007$fGBP8.00$g0$hC$5Uk
=ACF  \\$aPrevious Copyright Fee: GBP8.00$c0$e01-jan-2007$fGBP8.00$g0$hC$5Uk
=ACF  \\$aPrevious Copyright Fee: GBP8.00$c0$e01-oct-2006$fGBP8.00$g0$hC$5Uk
=ACF  \\$aPrevious Copyright Fee: GBP8.00$c0$e01-jul-2006$fGBP8.00$g0$hC$5Uk
=ACF  \\$aPrevious Copyright Fee: GBP8.00$c0$e01-apr-2006$fGBP8.00$g0$hC$5Uk
=ACF  \\$aPrevious Copyright Fee: GBP8.00$c0$e01-jan-2006$fGBP8.00$g0$hC$5Uk
=ACF  \\$aPrevious Copyright Fee: GBP8.00$c0$e01-oct-2005$fGBP8.00$g0$hC$5Uk
=ACF  \\$aPrevious Copyright Fee: GBP8.00$c0$e01-jul-2005$fGBP8.00$g0$hC$5Uk
=ACF  \\$aPrevious Copyright Fee: GBP8.00$c0$e01-apr-2005$fGBP8.00$g0$hC$5Uk
=ACF  \\$aPrevious Copyright Fee: GBP8.00$c0$e01-jan-2005$fGBP8.00$g0$hC$5Uk
=ACF  \\$aPrevious Copyright Fee: GBP6.80$c0$e01-oct-2004$fGBP6.80$g0$hC$5Uk
=ACF  \\$aPrevious Copyright Fee: GBP1.15$c0$e01-jul-2012$fGBP1.15$g0$hC$5Uk
=ACF  \\$aPrevious Copyright Fee: GBP1.15$c0$e01-oct-2012$fGBP1.15$g0$hC$5Uk
=ACF  \\$aPrevious Copyright Fee: GBP40.00$c0$e01-apr-2017$fGBP40.00$g0$hC$5Uk
=CAT  \\$aCONV$b00$c20040425$lBLL90$h0849
=CAT  \\$aBATCH-CLA$b00$c20101115$lBLL01$h1612
=CAT  \\$aIPL-CLA$c20101231$lBLL01$h1333
=CAT  \\$aBATCH-CLA$b00$c20110228$lBLL01$h1553
=CAT  \\$aIPL-CLA$c20110331$lBLL01$h1445
=CAT  \\$aBATCH-CLA$b00$c20110531$lBLL01$h1646
=CAT  \\$aBATCH-CLA$b00$c20110531$lBLL01$h1649
=CAT  \\$aIPL-CLA$c20110630$lBLL01$h1525
=CAT  \\$aBATCH-CLA$b00$c20110831$lBLL01$h1806
=CAT  \\$aBATCH-CLA$b00$c20110831$lBLL01$h1810
=CAT  \\$aIPL-CLA$c20110930$lBLL01$h1526
=CAT  \\$aBATCH-CLA$b00$c20111130$lBLL01$h1220
=CAT  \\$aBATCH-CLA$b00$c20111130$lBLL01$h1222
=CAT  \\$aIPL-CLA$c20111230$lBLL01$h1834
=CAT  \\$aBATCH-CLA$b00$c20120229$lBLL01$h1633
=CAT  \\$aBATCH-CLA$b00$c20120229$lBLL01$h1636
=CAT  \\$aIPL-CLA$c20120330$lBLL01$h1413
=CAT  \\$aBATCH-CLA$b00$c20120531$lBLL01$h1704
=CAT  \\$aIPL-CLA$c20120629$lBLL01$h1011
=CAT  \\$aBATCH-CLA$b00$c20120831$lBLL01$h1538
=CAT  \\$aIPL-CLA$c20120930$lBLL01$h2037
=CAT  \\$aBATCH-CLA$b00$c20121105$lBLL01$h1747
=CAT  \\$aBATCH-CLA$b00$c20170228$lBLL01$h1630
=CAT  \\$aIPL-CLA$c20170331$lBLL01$h1834
=CAT  \\$aBATCH-CLA$b00$c20221130$lBLL01$h1435
=CAT  \\$aIPL-CLA$c20221231$lBLL01$h1938
=CAT  \\$aBATCH-CLA$b00$c20230209$lBLL01$h1522
=CAT  \\$aIPL-CLA$c20230210$lBLL01$h0053
=CFI  0\$aCurrent Copyright Fee: GBP40.00$c0$e09-feb-2023$fGBP40.00$g0$hC$5Uk
=CFI  2\$aBritish Library not licensed to copy$c0$e01-jan-2023$hC$iCFP Excluded$5Uk
=FIN  \\$aY
=FMT  \\$a  SE
=LAS  \\$aIPL-CLA$b00$c20230210$lBLL01$h0053
=LEO  \\$aMP22.0000025708
=LKR  \\$aPAR$b010192566$lBLL01$r78000$mCarbohydrate chemistry. Part I, Monosaccharides, disaccharides, and specific oligosaccharides$nCarbohydrate chemistry. Part I, Mono-, di-, and tri-saccharides and their derivatives
=SRC  \\$aISN01$bbibmp22.200404.2.aa
=TCO  \\$aCLA$bCLA$c008

