=LDR  01727 as a2200529 a 4500
=001  010196181
=003  Uk
=005  20120214164203.0
=007  ta
=008  810210d19622001cc\fr\p\\\\\\\0\\\e0chi\\
=019  0\$as291577008
=019  c\$a2206364
=022  0\$a1001-8212
=040  \\$aUk$cUk$dUk
=041  0\$achi$beng
=082  04$a505$223
=084  \\$aJ 00$2blsrissc
=222  \0$aZhengzhou Daxue xuebao$b(Ziran kexue ban)
=245  00$aZhengzhou Daxue xuebao.$pZiran kexue ban.
=246  31$aJournal of Chengzhou University.$pNatural science edition
=260  \\$aZhenzhou :$bGai Kan Bianjibu
=300  \\$c26 cm.
=310  \\$aSemiannual
=336  \\$atext$2rdacontent
=337  \\$aunmediated$2rdamedia
=338  \\$avolume$2rdacarrier
=500  \\$aFrom 1987 also entitled "Journal of Zhengzhou University. Natural science edition".
=546  \\$aIn Chinese with English summaries.
=650  \0$aScience$vPeriodicals.
=710  2\$aZhengzhou da xue.
=785  00$tZhengzhou da xue xue bao. Li xue ban$x1671-6841
=852  71$aBritish Library$bSTI$k(P)$hJ 00$m-X(263)$2blsrissc$31977-1987; 1977-87.
=852  49$aBritish Library$bDSC$3See shelfmark 4918.163000
=985  \\$aRecord merged by DQ team
=CAT  \\$aCONV$b00$c20040425$lBLL90$h0854
=CAT  \\$aCONV$b00$c20040502$lBLL01$h1351
=CAT  \\$aBATCH-UPD$b00$c20080915$lBLL01$h2144
=CAT  \\$aBATCH$b00$c20091122$lBLL01$h1426
=CAT  \\$aWR11_155$c20120104$lBLL01$h1851
=CAT  \\$a8201$b40$c20120214$lBLL01$h1642
=FIN  \\$aY
=FMT  \\$a  SE
=LAS  \\$a8201$b40$c20120214$lBLL01$h1642
=LEO  \\$aMP10.0000626799
=LEO  \\$aMP25.0000129855
=SRC  \\$aSRI01$bbibmp25.200404.2.aa
=TCO  \\$aZZZ$c008

