=LDR  01524 as a22004697a 4500
=001  010196213
=003  Uk
=005  20070911143709.0
=007  ta
=008  810324d19801981cc\br\p|||\\\|0\\\e0chi\\
=019  0\$as291614000
=019  c\$a2211000
=040  \\$aUk$cUk$dUk
=041  0\$achi$beng
=084  \\$aPM 76$2blsrissc
=245  00$aZhong xiao xing jisuanji.
=246  3\$aMini-micro systems of China
=260  \\$aShenyang,$c1981.
=300  \\$c26cm.
=310  \\$aEvery two months
=336  \\$atext$2rdacontent
=337  \\$aunmediated$2rdamedia
=338  \\$avolume$2rdacarrier
=546  \\$aIn Chinese with English contents lists.
=785  00$tXiao xing wei xing jisuanji xitong$x1000-1220
=852  49$aBritish Library$bDSC$3See shelfmark 5797.755000 for [NO.] 1, 1980
=852  71$aBritish Library$bSTI$k(P)$hPM 76$m-X(2)$2blsrissc$31980-1981; 1981. [No.] 5-10.
=985  \\$aRecord merged by DQ team
=CAT  \\$aCONV$b00$c20040425$lBLL90$h0854
=CAT  \\$aCONV$b00$c20040502$lBLL01$h1351
=CAT  \\$a8201$b40$c20070911$lBLL01$h1437
=CAT  \\$aBATCH$b00$c20091210$lBLL01$h0038
=CAT  \\$aWR11_155$c20120104$lBLL01$h1851
=FIN  \\$aY
=FMT  \\$a  SE
=LAS  \\$aWR11_155$b00$c20120104$lBLL01$h1851
=LEO  \\$aMP10.0000627658
=LEO  \\$aMP25.0000129890
=LKR  \\$aPAR$b011763476$lBLL01$r78500$mZhong xiao xing jisuanji.$nXiaoxing weixing jisuanji xitong
=SRC  \\$aDSS01$bbibmp10.200404.2.aa
=SRC  \\$aSRI01$bbibmp25.200404.2.aa
=TCO  \\$aZZZ$c008

