=LDR  02063 as a2200613 a 4500
=001  010196265
=003  Uk
=005  20100906114139.0
=007  ta
=008  810521d19801999cc\mr\p\\\\\\\0\\\e0chi\\
=019  0\$as291673007
=019  c\$a2276169
=019  c\$a2210723
=022  0\$a0253-9756
=040  \\$aUk$cUk$dUk
=041  0\$achi$beng
=082  04$a615.105$222
=084  \\$aHD 80$2blsrissc
=210  0\$aZhōngguó yàolĭ xuébào
=222  \0$aZhōngguó yàolĭ xuébào
=245  00$aZhongguo yaoli xuebao.
=246  31$aActa pharmacologica sinica
=260  \\$aShanghai :$bShanghai Scientific and Technical Publishers,$c1980-1999.
=300  \\$a20 v. :$bill. ;$c26-29 cm.
=310  \\$aMonthly,$b1999
=321  \\$aQuarterly,$b1980-1985
=321  \\$aBimonthly,$b1986-1998
=336  \\$atext$2rdacontent
=337  \\$aunmediated$2rdamedia
=338  \\$avolume$2rdacarrier
=362  0\$aDi 1 juan di 1 qi (1980 nian 9 yue)-v. 20, no. 12 (1999 Dec.).
=546  \\$aIn Chinese with English summaries.
=650  \0$aPharmacology$vPeriodicals.
=710  2\$aZhongguo sheng li ke xue hui.$bYao li xue hui.
=710  2\$aZhongguo yao li xue hui.
=785  00$tActa pharmacologica Sinica$x1671-4083
=852  71$aBritish Library$bSTI$k(P)$hHD 80$m-X(8)$2blsrissc$3Vol. 2 (1980)-v. 20, no. 12 (Dec. 1999)
=852  49$aBritish Library$bDSC$3See shelfmark 0648.100000 for vol. 1, no. 1 (1980)-
=985  \\$aRecord merged by DQ team
=CAT  \\$aCONV$b00$c20040425$lBLL90$h0854
=CAT  \\$aCONV$b00$c20040502$lBLL01$h1351
=CAT  \\$aBATCH$b00$c20091122$lBLL01$h1426
=CAT  \\$a8201$b40$c20100906$lBLL01$h1125
=CAT  \\$a8201$b40$c20100906$lBLL01$h1141
=CAT  \\$aWR11_155$c20120104$lBLL01$h1851
=CAT  \\$aBATCH-UPD$b00$c20170417$lBLL01$h2033
=FIN  \\$aY
=FMT  \\$a  SE
=LAS  \\$aBATCH-UPD$b00$c20170417$lBLL01$h2033
=LEO  \\$aMP10.0000145901
=LEO  \\$aMP10.0000627361
=LEO  \\$aMP25.0000129946
=SRC  \\$aSRI01$bbibmp25.200404.2.aa
=TCO  \\$aZZZ$c008

