=LDR  05147cas a2201093ua 4500
=001  010196734
=003  Uk
=005  20221231193842.0
=008  831129d19422000ja\br\p\\\\\\\0\\\\0jpn\\
=019  0\$as292186002
=022  0\$a0029-8484
=040  \\$aUk$cUk
=041  0\$ajpn$beng
=084  \\$aGX 50$2blsrissc
=245  00$aShigaku :$bOdontology.
=246  31$aOdontology
=246  13$aJournal of Nippon Dental College
=260  \\$aTokyo :$bDental Society of Nippon Dental University,$c1983-
=260  \\$aTokyo,$bNippon Shika Daigaku Shigakkai.
=300  \\$av. :$bill. ;$c26 cm.
=310  \\$aBi-monthly
=336  \\$atext$2rdacontent
=337  \\$aunmediated$2rdamedia
=338  \\$avolume$2rdacarrier
=362  0\$amaki 38- shichigatsu/hachigatsu 1949-
=362  1\$aCeased with: Vol. 88, no. 1 (2000).
=540  \\$aCurrent Copyright Fee: GBP25.00$c0$5Uk
=546  \\$aIn Japanese with English contents lists.
=650  \0$aDentistry$vPeriodicals.
=710  2\$aNihon Shika Daigaku.$bShigakkai.
=780  00$aNippon Koka Gakkai.$tZasshi
=785  00$tOdontology$x1618-1247
=852  71$aBritish Library$bSTI$k(P)$hGX 50$m-X(9)$2blsrissc$3Vol. 71, no. 2, 1983-vol. 88, no. 1, 2000; (Deficient: v.71, no.4)
=852  49$aBritish Library$bDSC$3See shelfmark 6235.230000 for Vol. 50 (1962)-vol. 88 (2000)
=ACF  \\$aPrevious Copyright Fee: GBP5.14$c0$e01-jul-2009$fGBP5.14$g0$hC$5Uk
=ACF  \\$aPrevious Copyright Fee: GBP5.14$c0$e01-apr-2009$fGBP5.14$g0$hC$5Uk
=ACF  \\$aPrevious Copyright Fee: GBP4.50$c0$e01-jan-2009$fGBP4.50$g0$hC$5Uk
=ACF  \\$aPrevious Copyright Fee: GBP3.60$c0$e01-oct-2008$fGBP3.60$g0$hC$5Uk
=ACF  \\$aPrevious Copyright Fee: GBP3.60$c0$e01-jul-2008$fGBP3.60$g0$hC$5Uk
=ACF  \\$aPrevious Copyright Fee: GBP3.60$c0$e01-apr-2008$fGBP3.60$g0$hC$5Uk
=ACF  \\$aPrevious Copyright Fee: GBP3.60$c0$e01-jan-2008$fGBP3.60$g0$hC$5Uk
=ACF  \\$aPrevious Copyright Fee: GBP3.60$c0$e01-oct-2007$fGBP3.60$g0$hC$5Uk
=ACF  \\$aPrevious Copyright Fee: GBP3.60$c0$e01-jul-2007$fGBP3.60$g0$hC$5Uk
=ACF  \\$aPrevious Copyright Fee: GBP3.69$c0$e01-apr-2007$fGBP3.69$g0$hC$5Uk
=ACF  \\$aPrevious Copyright Fee: GBP3.89$c0$e01-jan-2007$fGBP3.89$g0$hC$5Uk
=ACF  \\$aPrevious Copyright Fee: GBP3.89$c0$e01-oct-2006$fGBP3.89$g0$hC$5Uk
=ACF  \\$aPrevious Copyright Fee: GBP4.11$c0$e01-jul-2006$fGBP4.11$g0$hC$5Uk
=ACF  \\$aPrevious Copyright Fee: GBP4.11$c0$e01-apr-2006$fGBP4.11$g0$hC$5Uk
=ACF  \\$aPrevious Copyright Fee: GBP4.00$c0$e01-jan-2006$fGBP4.00$g0$hC$5Uk
=ACF  \\$aPrevious Copyright Fee: GBP3.89$c0$e01-oct-2005$fGBP3.89$g0$hC$5Uk
=ACF  \\$aPrevious Copyright Fee: GBP3.89$c0$e01-jul-2005$fGBP3.89$g0$hC$5Uk
=ACF  \\$aPrevious Copyright Fee: GBP3.89$c0$e01-apr-2005$fGBP3.89$g0$hC$5Uk
=ACF  \\$aPrevious Copyright Fee: GBP4.00$c0$e01-jan-2005$fGBP4.00$g0$hC$5Uk
=ACF  \\$aPrevious Copyright Fee: GBP3.89$c0$e01-oct-2004$fGBP3.89$g0$hC$5Uk
=ACF  \\$aPrevious copyright fee: GBP10.50$c0$e01-jan-2011$fGBP10.50$g0$hA$5Uk
=ACF  \\$aPrevious copyright fee: GBP12.00$c0$e01-jan-2012$fGBP12.00$g0$hA$5Uk
=ACF  \\$aPrevious Copyright Fee: GBP12.30$c0$e01-jan-2014$fGBP12.30$g0$hA$5Uk
=ACF  \\$aPrevious Copyright Fee: GBP15.00$c0$e01-jan-2017$fGBP15.00$g0$hA$5Uk
=ACF  \\$aPrevious Copyright Fee: GBP17.50$c0$e01-jan-2018$fGBP17.50$g0$hA$5Uk
=ACF  \\$aPrevious Copyright Fee: GBP20.00$c0$e01-jan-2020$fGBP20.00$g0$hA$5Uk
=CAT  \\$aCONV$b00$c20040425$lBLL90$h0854
=CAT  \\$aBATCH$b00$c20090401$lBLL01$h0141
=CAT  \\$aBATCH-CLA$b00$c20090529$lBLL01$h1711
=CAT  \\$aBATCH-UPD$b00$c20090701$lBLL01$h1955
=CAT  \\$aBATCH-UPD$b00$c20090701$lBLL01$h2032
=CAT  \\$aBATCH$b00$c20090701$lBLL01$h2054
=CAT  \\$aBATCH$b00$c20091122$lBLL01$h1426
=CAT  \\$a8456$b40$c20100311$lBLL01$h1543
=CAT  \\$aBATCH-UPD$b40$c20101201$lBLL01$h1229
=CAT  \\$aIPL-CLA$c20101231$lBLL01$h1334
=CAT  \\$aWR11_203$c20111204$lBLL01$h1401
=CAT  \\$aIPL-CLA$c20111230$lBLL01$h1834
=CAT  \\$aBATCH-CLA$b00$c20121105$lBLL01$h1747
=CAT  \\$aBATCH-CLA$c20131218$lBLL01$h2240
=CAT  \\$aIPL-CLA$c20131231$lBLL01$h2101
=CAT  \\$aBATCH-CLA$b00$c20161222$lBLL01$h1729
=CAT  \\$aIPL-CLA$c20161230$lBLL01$h1933
=CAT  \\$aBATCH-CLA$b00$c20171222$lBLL01$h2032
=CAT  \\$aIPL-CLA$c20171231$lBLL01$h1503
=CAT  \\$aBATCH-CLA$b00$c20191219$lBLL01$h1655
=CAT  \\$aIPL-CLA$c20191231$lBLL01$h1819
=CAT  \\$aR2001-1524$c20200127$lBLL01$h1941
=CAT  \\$aBATCH-CLA$b00$c20201204$lBLL01$h1452
=CAT  \\$aIPL-CLA$c20201231$lBLL01$h2027
=CAT  \\$aBATCH-CLA$b00$c20221221$lBLL01$h1758
=CAT  \\$aIPL-CLA$c20221231$lBLL01$h1938
=CFI  0\$aCurrent Copyright Fee: GBP25.00$c0$e01-jan-2023$fGBP25.00$g0$hA$5Uk
=CFI  2\$aPrevious Copyright Fee: GBP22.50$c0$e01-jan-2021$fGBP22.50$g0$hA$5Uk
=FIN  \\$aY
=FMT  \\$a  SE
=LAS  \\$aIPL-CLA$b00$c20221231$lBLL01$h1938
=LEO  \\$aMP25.0000130441
=SRC  \\$aSRI01$bbibmp25.200404.2.aa
=TCO  \\$aJPN$bJAACC$c008

