=LDR  01690 am a2200541uu 4500
=001  010216169
=003  Uk
=005  20100930101100.0
=008  980924s1998\\\\xxua\\\||\\\\\001\||eng\\
=010  \\$a98006428
=019  g\$aadv0101930216
=019  a\$aG05462961
=019  0\$as642038007
=020  \\$a0896034216
=040  \\$aUk$cUk
=082  04$a660.62$221
=084  \\$aDA 74$2blsrissc
=084  \\$aCJ 344$2blsrissc
=245  00$aPichia protocols /$cedited by David R. Higgins and James M. Cregg.
=260  \\$aTotowa, N.J. :$bHumana Press,$cc1998.
=300  \\$axi,270p. :$bill. ;$c24cm.
=336  \\$atext$2rdacontent
=337  \\$aunmediated$2rdamedia
=338  \\$avolume$2rdacarrier
=490  0\$aMethods in molecular biology ;$v103
=504  \\$aIncludes bibliographical references and index.
=650  \0$aPichia pastoris.
=650  \0$aYeast fungi$xBiotechnology.
=650  \0$aGenetic vectors.
=700  1\$aHiggins, David R.$q(David Robert),$d1958-
=700  1\$aCregg, James M.
=852  41$aBritish Library$bDSC
=852  71$aBritish Library$bSTI$k(B)$hKH 70$2blsrissc
=957  \\$a980916c
=966  \\$uo$lACQUIS 09/09/98
=CAT  \\$aCONV$b00$c20040425$lBLL90$h0858
=CAT  \\$aCONV$b00$c20040502$lBLL01$h1352
=CAT  \\$aglobal_upd$b40$c20060417$lBLL01$h0945
=CAT  \\$aBATCH$b00$c20091210$lBLL01$h0040
=CAT  \\$aBATCH$b00$c20091225$lBLL01$h0048
=CAT  \\$aBATCH-UPD$b00$c20100930$lBLL01$h1011
=FIN  \\$aY
=FMT  \\$a  BK
=LAS  \\$aBATCH-UPD$b00$c20100930$lBLL01$h1011
=LEO  \\$aMP8.0001402826
=LEO  \\$aMP25.0000325350
=SRC  \\$aDSC01$bbibmp8.200404.2.ab
=SRC  \\$aSRI01$bbibmp25.200404.2.aa

