=LDR  02430 am a2200637 a 4500
=001  010346114
=003  Uk
=005  20050927122422.0
=008  031118s2003\\\\enk\\\\||\\\\\000\||eng\\
=010  \\$a2003057905
=015  \\$aGBA383148$2bnb
=019  y\$abA383148
=019  9\$a0821833995
=019  0\$as691323003
=020  \\$a0821833995 (pbk.) :$cNo price
=039  0\$a2769
=040  \\$aDLC$cDLC$dUk
=082  04$a530.124$222
=100  10$aCazenave, Thierry.
=245  10$aSemilinear Schrödinger equations /$cThierry Cazenave.
=260  \\$aProvidence, R.I. ;$a[Great Britain] :$bAmerican Mathematical Society,$cc2003.
=300  \\$axiii, 323 p. ;$c26 cm.
=336  \\$atext$2rdacontent
=337  \\$aunmediated$2rdamedia
=338  \\$avolume$2rdacarrier
=490  1\$aCourant lecture notes in mathematics ;$v10
=504  \\$aIncludes bibliography.
=597  \\$aEnhanced$bSRIS DDC
=650  \0$aSchrödinger equation.
=710  2\$aAmerican Mathematical Society.
=710  2\$aCourant Institute of Mathematical Sciences.
=830  \0$aCourant lecture notes in mathematics ;$v10.
=852  41$aBritish Library$bDSC
=852  11$aBritish Library$bSTI$k(B)$h530.12
=886  2\$2ukmarc$a910$b20$aAMS$xSee$aAmerican Mathematical Society$z710
=886  2\$2ukmarc$a910$b20$aNew York University$cCourant Institute of Mathematical Sciences$xSee$aCourant Institute of Mathematical Sciences$z710/1
=886  2\$2ukmarc$a910$b20$aNew York University$cInstitute for Mathematical Sciences$xSee$aCourant Institute of Mathematical Sciences$z710/1
=886  2\$2ukmarc$a910$b20$aNew York University$cInstitute of Mathematical Sciences$xSee also$aCourant Institute of Mathematical Sciences$z710/1
=957  \\$a031112c
=957  \\$r14/11/03$tM/36532-03
=CAT  \\$aCONV$b00$c20040425$lBLL90$h0538
=CAT  \\$aCONV$b00$c20040502$lBLL01$h1358
=CAT  \\$a6098$b40$c20050927$lBLL01$h1224
=CAT  \\$aBATCH$b00$c20091122$lBLL01$h1431
=CAT  \\$aBATCH$b00$c20091217$lBLL01$h0138
=CAT  \\$aBATCH-UPD$b00$c20100725$lBLL01$h2112
=CAT  \\$aBATCH-UPD$b00$c20170501$lBLL01$h2111
=FIN  \\$aY
=FMT  \\$a  BK
=LAS  \\$aBATCH-UPD$b00$c20170501$lBLL01$h2111
=LDO  \\$aLDO$bpbk$c13/11/03
=LEO  \\$aMP5.0000293191
=LEO  \\$aMP25.0000368168
=SRC  \\$aBNB03$bbibmp5.200404.2.aa
=SRC  \\$aSRI01$bbibmp25.200404.2.aa
=SRC  \\$aLDS01$bbiblm.200404.2.aa

