=LDR  02079pam a2200637 a 4500
=001  010348969
=003  Uk
=005  20070117161010.0
=008  030220s2003\\\\xxua\\\\\b\\\\001\0\eng\\
=010  \\$a2003046211
=015  \\$aGBA3Y6254$2bnb
=019  y\$abA3Y6254
=019  9\$a0849310903
=019  g\$aadv5004788529
=019  a\$aG07798037
=020  \\$a0849310903 :$c£66.99
=039  0\$a2732
=040  \\$aStDuBDS$beng$cUk$dUk
=042  \\$aukblsr
=082  04$a621.395$222
=100  1\$aBalkır, Sina.
=245  10$aAnalog VLSI design automation /$cSina Balkir, Günhan Dündar, A. Selçuk Öğrenci.
=260  \\$aBoca Raton, Fla. ;$aLondon :$bCRC,$cc2003.
=300  \\$a218 p. :$bill. ;$c25 cm.
=336  \\$atext$2rdacontent
=337  \\$aunmediated$2rdamedia
=338  \\$avolume$2rdacarrier
=490  1\$aVLSI circuits series
=500  \\$aFormerly CIP.$5Uk
=504  \\$aIncludes bibliographical references and index.
=650  \0$aIntegrated circuits$xVery large scale integration$xDesign and construction.
=700  1\$aDündar, Günhan,$d1969-
=700  1\$aÖğrenci, A. Selçuk$q(Arif Selçuk).
=830  \0$aVLSI circuits series.
=852  41$aBritish Library$bSTI
=852  11$aBritish Library$bSTI$k(B)$h621.395
=957  \\$r22/3/04$tM/37936-18
=966  \\$lACQUIS 01/08/2003
=CAT  \\$aCONV$b00$c20040425$lBLL90$h0538
=CAT  \\$aCONV$b00$c20040502$lBLL01$h1358
=CAT  \\$a6506$b40$c20040804$lBLL01$h0924
=CAT  \\$aglobal_upd$b40$c20060417$lBLL01$h1020
=CAT  \\$aJESUITfix$c20070117$lBLL01$h1610
=CAT  \\$aBATCH$b00$c20091122$lBLL01$h1432
=CAT  \\$aBATCH$b00$c20091217$lBLL01$h0138
=CAT  \\$aBATCH-UPD$b00$c20160309$lBLL01$h1740
=CAT  \\$aBATCH-UPD$b00$c20190912$lBLL01$h1039
=FIN  \\$aY
=FMT  \\$a  BK
=LAS  \\$aBATCH-UPD$b00$c20190912$lBLL01$h1039
=LDO  \\$aCIP$bhbk
=LEO  \\$aMP5.0000298037
=LEO  \\$aMP8.0001850889
=SRC  \\$aBNB03$bbibmp5.200404.2.aa
=SRC  \\$aDSC01$bbibmp8.200404.2.ac
=SRC  \\$aLDS01$bbiblm.200404.2.aa

