=LDR  01718 am a2200517 a 4500
=001  010358938
=003  Uk
=005  20091122143500.0
=008  040301s2002\\\\enkac\\||\\\\\100\||eng\\
=015  \\$aGBA419172$2bnb
=019  y\$abA419172
=019  9\$a8779340016
=019  0\$as694774006
=020  \\$a8779340016 (pbk.) :$cNo price
=039  0\$a2783
=040  \\$aUk$cUk
=082  04$a595.4$222
=084  \\$aFX 10$2blsrissc
=111  2\$aEuropean Colloquium of Arachnology$n(19th :$d2000 :$cUniversity of Århus, Denmark)
=245  10$aEuropean Arachnology 2000 :$b19th European Colloquium of Arachnology, Århus, Denmark, 17-22 July 2000 /$ceditors Søren Toft & Nikolaj Scharff ; technical editor Per G. Henriksen.
=260  \\$aAarhus ;$aOxford :$bAarhus University Press,$c2000.
=300  \\$a358 p. :$bill., maps,ports. ;$c25 cm.
=336  \\$atext$2rdacontent
=337  \\$aunmediated$2rdamedia
=338  \\$avolume$2rdacarrier
=500  \\$aIncludes index.
=597  \\$aEnhanced$bSRIS DDC
=650  \0$aArachnida$vCongresses.
=700  1\$aToft, Søren.
=700  1\$aScharff, Nikolaj.
=710  2\$aBritish Arachnological Society.
=852  71$aBritish Library$bSTI$k(B)$hFX 10$2blsrissc
=852  41$aBritish Library$bHMNTS
=957  \\$a040127c
=957  \\$r13/11/2002
=CAT  \\$aCONV$b00$c20040425$lBLL90$h0543
=CAT  \\$aCONV$b00$c20040502$lBLL01$h1358
=CAT  \\$aBATCH$b00$c20091122$lBLL01$h1435
=FIN  \\$aY
=FMT  \\$a  BK
=LAS  \\$aBATCH$b00$c20091122$lBLL01$h1435
=LEO  \\$aMP5.0000480087
=LEO  \\$aMP25.0000371384
=SRC  \\$aBNB03$bbibmp5.200404.2.aa
=SRC  \\$aSRI01$bbibmp25.200404.2.aa
=SRC  \\$aMOP02$bbibm2.200404.2.aa

