=LDR  01921pam a2200589 a 4500
=001  010361441
=003  Uk
=005  20040928095547.0
=008  040713s2003\\\\ua\ab\\\\b\\\\001\0\eng\\
=010  \\$a2004301362
=015  \\$aGBA3U2364$2bnb
=016  7\$a010361441$2Uk
=019  y\$abA3U2364
=019  9\$a9774248090
=020  \\$a9774248090 :$c£28.95
=035  \\$a(OCoLC)ocm53156633
=039  0\$a2762
=040  \\$aUKM$cUKM$dOCLCQ$dIUL$dDLC$dUk
=042  \\$aukblsr
=043  \\$af-ua---
=050  00$aQL731.E3$bH63 2003
=082  00$a599.0962$222
=100  10$aHoath, Richard.
=245  12$aA field guide to the mammals of Egypt /$cRichard Hoath ; illustrations by the author.
=260  \\$aCairo ;$a[Great Britain] :$bAmerican University in Cairo Press,$cc2003.
=300  \\$axv, 236 p., [62] p. of plates :$bill. (some col.), maps ;$c21 cm.
=336  \\$atext$2rdacontent
=337  \\$aunmediated$2rdamedia
=338  \\$avolume$2rdacarrier
=500  \\$aFormerly CIP.$5Uk
=504  \\$aIncludes bibliographical references (p. [228]-230) and indexes.
=650  \0$aMammals$zEgypt.
=650  \0$aMammals$zEgypt$vIdentification.
=852  11$aBritish Library$bSTI$k(B)$h599.0962
=852  \\$aBritish Library$bHMNTS
=CAT  \\$aCONV$b00$c20040425$lBLL90$h0543
=CAT  \\$aCONV$b00$c20040502$lBLL01$h1358
=CAT  \\$a9523$b40$c20040920$lBLL01$h1223
=CAT  \\$a9523$b40$c20040920$lBLL01$h1337
=CAT  \\$a11164$b40$c20040923$lBLL01$h0917
=CAT  \\$a11164$b40$c20040928$lBLL01$h0955
=CAT  \\$aBATCH$b00$c20091210$lBLL01$h0113
=CAT  \\$aWR16_021$c20160609$lBLL01$h1956
=CAT  \\$aBATCH-UPD$b00$c20160609$lBLL01$h2132
=FIN  \\$aY
=FMT  \\$a  BK
=LAS  \\$aBATCH-UPD$b00$c20160609$lBLL01$h2132
=LDO  \\$aCIP
=LEO  \\$aMP5.0000484034
=SID  \\$aZ39$bLOC
=SRC  \\$aBNB03$bbibmp5.200404.2.aa
=SRC  \\$aLDS01$bbiblm.200404.2.aa

