=LDR  03034 as a2200817 a 4500
=001  010362616
=003  Uk
=005  20201124184146.0
=006  aac\\|||||||||||||
=007  ta
=008  770202d19771981enkmx\p\\\\\\\0\\\a0eng\\
=015  \\$aGB7715747$2bnb
=019  0\$as282155007
=019  y\$aB7715747
=019  9\$ab7715747
=022  0\$a0309-2003$202
=040  \\$aUk$cUk$dUk
=041  0\$aeng$bara$bper
=042  \\$aissnuk
=050  00$aHD9994
=082  04$a338.4768176105$218
=084  \\$aH 40$2blsrissc
=210  0\$aMEH. Middle East health supply & serv.
=222  \0$aMEH. Middle East health supply & service
=245  00$aMEH :$bMiddle East health supply & service.
=246  03$aMiddle East health supply & service
=246  03$aMiddle East health (1977)
=246  03$aMiddle East health supply and service
=260  \\$aSutton :$bMiddle East Publishing Co.,$c1977-
=300  \\$bill., ports. ;$c30 cm.
=310  \\$aTen issues a year
=336  \\$atext$2rdacontent
=337  \\$aunmediated$2rdamedia
=338  \\$avolume$2rdacarrier
=362  0\$aVol.1, no.1- ; Jan. 1977-
=500  \\$aCeased publication.
=525  \\$aOne issue each year includes a separately paged section called: Pharmaceutical supplement.
=546  \\$aEnglish text, Arabic notes.
=650  \0$aMedical instruments and apparatus industry$vPeriodicals.
=653  \\$aMedical equipment industries$aPeriodicals$aFor Middle Eastern businessmen
=690  7\$aManagement and Business Studies$2blcoll
=770  0\$tLEI. Laboratory equipment international$x0143-8107
=785  00$tMiddle East health (1981)$x0263-1016
=852  49$aBritish Library$bDSC$3See shelfmark 5761.375800 for Vol. 2(3), 1978- 2(12), 1978 ; 4, 1980
=852  71$aBritish Library$bSTI$k(P)$hH 40$m-E(40)$2blsrissc$3Vol.1, 1977- 4, 1980
=985  \\$aRecord merged by DQ team
=985  \\$aUpgraded by BSS-generated file for WR2011-1473
=CAT  \\$aCONV$b00$c20040425$lBLL90$h0543
=CAT  \\$aCONV$b00$c20040502$lBLL01$h1358
=CAT  \\$aglobal_upd$b40$c20060417$lBLL01$h1738
=CAT  \\$a8456$b40$c20080903$lBLL01$h1052
=CAT  \\$a8456$b40$c20080903$lBLL01$h1106
=CAT  \\$a8456$b40$c20080903$lBLL01$h1108
=CAT  \\$a8456$b40$c20080903$lBLL01$h1109
=CAT  \\$a8456$b40$c20080903$lBLL01$h1112
=CAT  \\$a8456$b40$c20080903$lBLL01$h1114
=CAT  \\$aBATCH$b00$c20090619$lBLL01$h1820
=CAT  \\$aBATCH$b00$c20091210$lBLL01$h0114
=CAT  \\$aWR14_140$c20140905$lBLL01$h1741
=CAT  \\$aW2011-1473$b00$c20201124$lBLL01$h1841
=FIN  \\$aY
=FMT  \\$a  SE
=LAS  \\$aW2011-1473$b00$c20201124$lBLL01$h1841
=LEO  \\$aMP25.0000120161
=LEO  \\$aMP5.0000486254
=LEO  \\$aMP22.0000021799
=LKR  \\$aPAR$b010181845$lBLL01$r770$mMEH. Middle East health supply & service$nLEI. Laboratory equipment international
=SRC  \\$aSRI01$bbibmp25.200404.2.aa
=SRC  \\$aBNB03$bbibmp5.200404.2.aa
=SRC  \\$aISN01$bbibmp22.200404.2.aa
=TCO  \\$aCLA$bCLA$c008

