=LDR  01678 am a2200541 a 4500
=001  010388564
=003  Uk
=005  20091122144500.0
=008  001228s2000\\\\enka\\\||\\\\\000\||eng\\
=015  \\$aGBA103408$2bnb
=019  y\$abA103408
=019  9\$a184083398x
=019  0\$as663481007
=020  \\$a184083398X (spiral) :$cNo price
=039  0\$a2623
=040  \\$aUk$cUk
=082  04$a338.761004678$221
=084  \\$aNP 93$2blsrissc
=245  04$aThe new oil & gas exchanges :$bonline procurement marketplaces /$cRPI, Inc.
=260  \\$aLondon :$bFinancial Times Energy,$cc2000.
=300  \\$a40 p. :$bill. ;$c30 cm.
=336  \\$atext$2rdacontent
=337  \\$aunmediated$2rdamedia
=338  \\$avolume$2rdacarrier
=490  0\$aFT Energy investment reports
=504  \\$aIncludes bibliographical references.
=597  \\$aEnhanced$bSRIS DDC
=650  \0$aElectronic commerce.
=650  \0$aPetroleum industry and trade.
=650  \0$aGas industry.
=650  \0$aMarket surveys.
=650  \0$aIndustrial procurement.
=690  7\$aManagement and Business Studies$2blcoll
=710  2\$aRPI International, Inc.
=852  41$aBritish Library$bDSC
=852  71$aBritish Library$bSTI$cRES$k(XB)$hNP 93$2blsrissc
=957  \\$a001120c
=CAT  \\$aCONV$b00$c20040425$lBLL90$h0627
=CAT  \\$aCONV$b00$c20040502$lBLL01$h1359
=CAT  \\$aBATCH$b00$c20090619$lBLL01$h1821
=CAT  \\$aBATCH$b00$c20091122$lBLL01$h1445
=FIN  \\$aY
=FMT  \\$a  BK
=LAS  \\$aBATCH$b00$c20091122$lBLL01$h1445
=LEO  \\$aMP5.0001804884
=LEO  \\$aMP25.0000344746
=SRC  \\$aBNB03$bbibmp5.200404.2.ad
=SRC  \\$aSRI01$bbibmp25.200404.2.aa

