=LDR  04822cas a2201141 a 4500
=001  010459738
=003  Uk
=005  20221231194236.0
=006  aac\\|||||||||||||
=007  ta
=008  971202d19971999enkar\\\\\\\\\0\\\a0eng\\
=015  \\$aGB9770762$2bnb
=019  c\$a2615072
=019  y\$ab9770762
=019  9\$ab9770762
=019  0\$as658252003
=039  0\$a2470
=040  \\$aUk$cUk$dUk
=082  04$a338.76281060428$221
=084  \\$aON 62$2blsrissc
=110  2\$aYorkshireWater (Firm)
=240  10$aAnnual review and summary financial statement (Yorkshire Water)
=245  10$aAnnual review and summary financial statement ...
=246  1\$i1999 issue entitled:$aAnnual review
=260  \\$aLeeds (2 The Embankment, Sovereign St., Leeds LS1 4BG) :$bYorkshire Water,$c1997-1999.
=300  \\$av. :$bcol.ill., col.ports. ;$c30cm.
=336  \\$atext$2rdacontent
=337  \\$aunmediated$2rdamedia
=338  \\$avolume$2rdacarrier
=362  0\$a1997-
=540  \\$aCurrent Copyright Fee: GBP25.00$c0$5Uk
=580  \\$aContinues: Yorkshire Water. Annual report and accounts.
=580  \\$aMerged with: YorkshireWater (Firm). Annual report and accounts, to form: Kelda Group. Annual report and accounts.
=597  \\$aEnhanced$bSRIS DDC
=610  24$aYorkshireWater (Firm)$xPeriodicals.
=690  7\$aManagement and Business Studies$2blcoll
=785  17$aYorkshireWater (Firm)$sAnnual report and accounts
=785  17$aKelda Group.$tAnnual report and accounts
=852  41$aBritish Library$bSTI$31997- *A=1
=852  71$aBritish Library$bSTI$k(P)$hON 62$m-E(34)$2blsrissc$31997-1999.
=886  2\$2blmarc$a092$b00$a1520.473200n
=886  2\$2ukmarc$a910$b20$aYorkshire Water Authority$xSee also$aYorkshire Water$z110
=886  2\$2ukmarc$a910$b20$aYorkshire Water Authority$xSee also$aYorkshire Water$z610
=886  2\$2ukmarc$a910$b20$aYorkshire Water Authority$xSee also$aYorkshire Water$z710
=945  \\$aANNUAL REVIEW AND SUMMARY FINANCIAL STATEMENT- YORKSHIRE WATER PLC.
=957  \\$a970623c
=979  \\$aBritish Library$bDSC$j1520.473200N
=985  \\$aRecord merged by SUNCAT team
=A02  \\$a2615072
=ACF  \\$aPrevious copyright fee: GBP9.00$c0$e01-apr-2010$fGBP9.00$g0$hA$5Uk
=ACF  \\$aPrevious copyright fee: GBP6.00$c0$e01-apr-2008$fGBP6.00$g0$hA$5Uk
=ACF  \\$aPrevious copyright fee: GBP5.00$c0$e01-jul-2002$fGBP5.00$g0$hA$5Uk
=ACF  \\$aCurrent copyright fee: GBP4.40$c0$e01-mar-2002$fGBP4.40$g0$hA$5Uk
=ACF  \\$aPrevious copyright fee: GBP10.50$c0$e01-jan-2011$fGBP10.50$g0$hA$5Uk
=ACF  \\$aPrevious copyright fee: GBP12.00$c0$e01-jan-2012$fGBP12.00$g0$hA$5Uk
=ACF  \\$aPrevious Copyright Fee: GBP12.30$c0$e01-jan-2014$fGBP12.30$g0$hA$5Uk
=ACF  \\$aPrevious Copyright Fee: GBP15.00$c0$e01-jan-2017$fGBP15.00$g0$hA$5Uk
=ACF  \\$aPrevious Copyright Fee: GBP17.50$c0$e01-jan-2018$fGBP17.50$g0$hA$5Uk
=ACF  \\$aPrevious Copyright Fee: GBP20.00$c0$e01-jan-2020$fGBP20.00$g0$hA$5Uk
=CAT  \\$aCONV$b00$c20040425$lBLL90$h0659
=CAT  \\$aBATCH$b00$c20100401$lBLL01$h0443
=CAT  \\$aBATCH$b00$c20100401$lBLL01$h1504
=CAT  \\$aBATCH-UPD$b00$c20101124$lBLL01$h1840
=CAT  \\$aBATCH-UPD$b00$c20101125$lBLL01$h1101
=CAT  \\$aIPL-CLA$c20101231$lBLL01$h1335
=CAT  \\$a3072$b40$c20111114$lBLL01$h1121
=CAT  \\$aWR11_203$c20111204$lBLL01$h1402
=CAT  \\$aIPL-CLA$c20111230$lBLL01$h1836
=CAT  \\$aBATCH-CLA$b00$c20121105$lBLL01$h1747
=CAT  \\$aWR13.005$c20130322$lBLL01$h1956
=CAT  \\$aBATCH-CLA$c20131218$lBLL01$h2242
=CAT  \\$aIPL-CLA$c20131231$lBLL01$h2105
=CAT  \\$aWR14_140$c20140905$lBLL01$h1742
=CAT  \\$a3072$b40$c20140911$lBLL01$h0959
=CAT  \\$aBATCH-CLA$b00$c20161222$lBLL01$h1730
=CAT  \\$aIPL-CLA$c20161230$lBLL01$h1935
=CAT  \\$aBATCH-CLA$b00$c20171222$lBLL01$h2034
=CAT  \\$aIPL-CLA$c20171231$lBLL01$h1506
=CAT  \\$aBATCH-CLA$b00$c20191219$lBLL01$h1656
=CAT  \\$aIPL-CLA$c20191231$lBLL01$h1821
=CAT  \\$aR2001-1524$c20200127$lBLL01$h1942
=CAT  \\$aBATCH-CLA$b00$c20201204$lBLL01$h1453
=CAT  \\$aIPL-CLA$c20201231$lBLL01$h2030
=CAT  \\$aBATCH-CLA$b00$c20221221$lBLL01$h1800
=CAT  \\$aIPL-CLA$c20221231$lBLL01$h1942
=CFI  0\$aCurrent Copyright Fee: GBP25.00$c0$e01-jan-2023$fGBP25.00$g0$hA$5Uk
=CFI  2\$aPrevious Copyright Fee: GBP22.50$c0$e01-jan-2021$fGBP22.50$g0$hA$5Uk
=FIN  \\$aY
=FMT  \\$a  SE
=LAS  \\$aIPL-CLA$b00$c20221231$lBLL01$h1942
=LEO  \\$aMP5.0000844027
=LEO  \\$aMP25.0000340027
=LEO  \\$aMP10.0000066576
=SRC  \\$aBNB03$bbibmp5.200404.2.ab
=SRC  \\$aSRI01$bbibmp25.200404.2.aa
=SRC  \\$aDSS01$bbibmp10.200404.2.aa
=SSD  \\$a25500{dollar}a1997-
=TCO  \\$aCLA$bCLA$c008

