=LDR  02459 as a22006373  4500
=001  010510529
=003  Uk
=005  20130323115500.0
=008  040410u||||||||ch\a|\p|||\\\\0\\\|0und\\
=019  c\$a3006884
=040  \\$aUk$cUk
=245  00$aTAIWAN TRADE DIRECTORY.
=336  \\$atext$2rdacontent
=337  \\$aunmediated$2rdamedia
=338  \\$avolume$2rdacarrier
=540  \\$aBritish Library not licensed to copy$c0$5Uk
=852  71$aBritish Library$bSTI$cRES$k(XP)$hAA 654$m(TWN) -E(6)$3(2002)-(2004/2005)
=852  41$aBritish Library$bSTI$32002/2003- *A=1
=886  2\$2blmarc$a092$b00$a8600.450000n
=945  \\$aTAIWAN TRADE DIRECTORY.
=979  \\$aBritish Library$bDSC$j8600.450000N
=A02  \\$a3006884
=ACF  \\$aPrevious copyright fee: GBP9.00$c0$e01-apr-2010$fGBP9.00$g0$hA$5Uk
=ACF  \\$aPrevious copyright fee: GBP6.00$c0$e01-apr-2008$fGBP6.00$g0$hA$5Uk
=ACF  \\$aPrevious copyright fee: GBP5.00$c0$e23-sep-2003$fGBP5.00$g0$hA$5Uk
=CAT  \\$aCONV$b00$c20040425$lBLL90$h0711
=CAT  \\$aCONV$b00$c20040502$lBLL01$h1402
=CAT  \\$c20041010$lBLL01$h1901
=CAT  \\$aBATCH-UPD$b00$c20080223$lBLL01$h2001
=CAT  \\$aBATCH-UPD$b00$c20080225$lBLL01$h2242
=CAT  \\$aBATCH-UPD$b00$c20080330$lBLL01$h0534
=CAT  \\$aBATCH-UPD$b00$c20080330$lBLL01$h1358
=CAT  \\$aBATCH$b00$c20080330$lBLL01$h2116
=CAT  \\$aBATCH$b00$c20091210$lBLL01$h0212
=CAT  \\$aBATCH$b00$c20091214$lBLL01$h0553
=CAT  \\$aBATCH$b00$c20091216$lBLL01$h0147
=CAT  \\$aBATCH-UPD$b00$c20100226$lBLL01$h0038
=CAT  \\$aBATCH-UPD$b00$c20100331$lBLL01$h2224
=CAT  \\$aBATCH-UPD$b00$c20100401$lBLL01$h0155
=CAT  \\$aBATCH$b00$c20100401$lBLL01$h0457
=CAT  \\$aBATCH$b00$c20100401$lBLL01$h1521
=CAT  \\$aBATCH-UPD$b00$c20101124$lBLL01$h1855
=CAT  \\$aBATCH-UPD$b00$c20101125$lBLL01$h1117
=CAT  \\$aIPL-CLA$c20101231$lBLL01$h1355
=CAT  \\$aBATCH-UPD$b00$c20110907$lBLL01$h1814
=CAT  \\$aIPL-CLA$c20110908$lBLL01$h1729
=CAT  \\$aBATCH-CLA$b00$c20121107$lBLL01$h1920
=CAT  \\$aWR13.005$c20130323$lBLL01$h1155
=CFI  0\$aBritish Library not licensed to copy$c0$e07-sep-2011$hC$iTX$5Uk
=CFI  2\$aPrevious copyright fee: GBP10.50$c0$e01-jan-2011$fGBP10.50$g0$hA$5Uk
=FIN  \\$aY
=FMT  \\$a  SE
=LAS  \\$aWR13.005$b00$c20130323$lBLL01$h1155
=LEO  \\$aMP10.0000564917
=SRC  \\$aDSS01$bbibmp10.200404.2.aa
=TCO  \\$aXXX$c008

