=LDR  05391cas a22011537a 4500
=001  010823514
=003  Uk
=005  20230210005511.0
=007  ta
=008  950215c19uu9999enkwr\p\\\\\\\0\\\a0eng\\
=019  c\$a2314313
=022  0\$a1357-7441$202
=040  \\$aUk$beng$cUk$dUk
=042  \\$aissnuk$aukblsr
=082  04$a688.752
=210  0\$aCoin slot int.
=222  \0$aCoin slot international
=245  00$aCoin slot international.
=246  1\$iMinor title change:$aCoinslot international
=246  17$aCoinslot
=246  13$aCoin slot
=246  13$aCoinslot international
=260  \\$aOldham :$bWorld's Fair
=260  2\$aBolton :$bGaming Business Media
=264  31$aBolton :$bGB Media Corporation
=300  \\$av. :$bcol. ill., col. ports. ;$c34 cm.
=310  \\$aWeekly
=336  \\$atext$2rdacontent
=337  \\$aunmediated$2rdamedia
=338  \\$avolume$2rdacarrier
=500  \\$aIssued as a supplement to "World's fair" until mid 1990s?
=500  \\$aDescription based on: Sept 28- Oct 4 2007 edition; no. 2022.
=500  \\$aHas annual supplement: Coinslot review which comes with January issue.
=540  \\$aCurrent Copyright Fee: GBP25.00$c0$5Uk
=588  \\$aLatest issue consulted: number 2318 (May 31-June 6 2013).
=650  \0$aSlot machines$zGreat Britain$vPeriodicals.
=650  \0$aGambling industry$zGreat Britain$vPeriodicals.
=772  0\$tWorld's Fair (Oldham)$x0043-9304
=776  08$iAlso issued online as:$tCoin slot international$x2054-3220
=787  0\$tCoin slot$x0010-0420
=852  11$aBritish Library$bSTI$k(P)$h688.752$m-E(1)$3Number 2022 (2007:Sep. 28)-no. 2795(Jul. 29)***Title now taken as electronic copy only
=852  49$aBritish Library$bDSC$3For DSC stock SEE IN 9361.400000
=985  \\$aEarlier issues received as a supplement to "World's fair" in Colindale and bound with that publication. Since published independently - date of change unknown.
=ACF  \\$aBritish Library not licensed to copy$c0$e01-apr-2012$hC$iCLA Excluded$5Uk
=ACF  \\$aBritish Library not licensed to copy$c0$e01-jan-2012$hC$iCLA Excluded$5Uk
=ACF  \\$aBritish Library not licensed to copy$c0$e01-oct-2011$hC$iCLA Excluded$5Uk
=ACF  \\$aPrevious Copyright Fee: GBP10.50$c0$e01-jul-2011$fGBP10.50$g0$hC$5Uk
=ACF  \\$aPrevious Copyright Fee: GBP10.50$c0$e01-apr-2011$fGBP10.50$g0$hC$5Uk
=ACF  \\$aPrevious Copyright Fee: GBP10.50$c0$e01-jan-2011$fGBP10.50$g0$hC$5Uk
=ACF  \\$aPrevious Copyright Fee: GBP9.00$c0$e01-oct-2010$fGBP9.00$g0$hC$5Uk
=ACF  \\$aPrevious Copyright Fee: GBP9.00$c0$e01-jul-2010$fGBP9.00$g0$hC$5Uk
=ACF  \\$aPrevious Copyright Fee: GBP9.00$c0$e01-apr-2010$fGBP9.00$g0$hC$5Uk
=ACF  \\$aPrevious Copyright Fee: GBP9.00$c0$e01-Jan-2010$fGBP9.00$g0$hC$5Uk
=ACF  \\$aPrevious Copyright Fee: GBP6.00$c0$e01-oct-2009$fGBP6.00$g0$hC$5Uk
=ACF  \\$aPrevious Copyright Fee: GBP6.00$c0$e01-jul-2009$fGBP6.00$g0$hC$5Uk
=ACF  \\$aPrevious Copyright Fee: GBP6.00$c0$e01-apr-2009$fGBP6.00$g0$hC$5Uk
=ACF  \\$aBritish Library not licensed to copy$c0$e01-jul-2012$hC$iCLA Excluded$5Uk
=ACF  \\$aBritish Library not licensed to copy$c0$e01-oct-2012$hC$iCFP Excluded$5Uk
=ACF  \\$aPrevious Copyright Fee: GBP12.30$c0$e01-apr-2015$fGBP12.30$g0$hC$5Uk
=ACF  \\$aPrevious Copyright Fee: GBP15.00$c0$e01-jan-2017$fGBP15.00$g0$hC$5Uk
=ACF  \\$aPrevious Copyright Fee: GBP17.50$c0$e01-jan-2018$fGBP17.50$g0$hC$5Uk
=ACF  \\$aPrevious Copyright Fee: GBP20.00$c0$e01-jan-2020$fGBP20.00$g0$hC$5Uk
=ACF  \\$aPrevious Copyright Fee: GBP22.50$c0$e01-jan-2021$fGBP22.50$g0$hC$5Uk
=CAT  \\$aCONV$b00$c20040425$lBLL90$h0849
=CAT  \\$aBATCH-CLA$b00$c20120531$lBLL01$h1717
=CAT  \\$aIPL-CLA$c20120629$lBLL01$h1017
=CAT  \\$aBATCH-CLA$b00$c20120831$lBLL01$h1545
=CAT  \\$aIPL-CLA$c20120930$lBLL01$h2049
=CAT  \\$aBATCH-CLA$b00$c20121107$lBLL01$h1915
=CAT  \\$aWR12_128$c20121113$lBLL01$h1833
=CAT  \\$a5110$b40$c20130611$lBLL01$h0839
=CAT  \\$a10973$b40$c20131008$lBLL01$h1545
=CAT  \\$a11316$b40$c20131108$lBLL01$h1535
=CAT  \\$a5508$b40$c20140403$lBLL01$h1122
=CAT  \\$aBATCH-CLA$b00$c20150227$lBLL01$h1628
=CAT  \\$aIPL-CLA$c20150331$lBLL01$h1627
=CAT  \\$a8874$b40$c20160803$lBLL01$h1438
=CAT  \\$aBATCH-CLA$b00$c20161130$lBLL01$h1636
=CAT  \\$aIPL-CLA$c20161230$lBLL01$h1954
=CAT  \\$a10973$b40$c20170131$lBLL01$h1155
=CAT  \\$aBATCH-CLA$b00$c20171130$lBLL01$h1711
=CAT  \\$aIPL-CLA$c20171231$lBLL01$h1525
=CAT  \\$aBATCH-CLA$b00$c20191129$lBLL01$h1617
=CAT  \\$aIPL-CLA$c20191231$lBLL01$h1836
=CAT  \\$aBATCH-CLA$b00$c20201126$lBLL01$h1357
=CAT  \\$aIPL-CLA$c20201231$lBLL01$h2048
=CAT  \\$a8124$b40$c20220726$lBLL01$h0855
=CAT  \\$aBATCH-CLA$b00$c20221130$lBLL01$h1446
=CAT  \\$aIPL-CLA$c20221231$lBLL01$h1956
=CAT  \\$aBATCH-CLA$b00$c20230209$lBLL01$h1533
=CAT  \\$aIPL-CLA$c20230210$lBLL01$h0055
=CFI  0\$aCurrent Copyright Fee: GBP25.00$c0$e09-feb-2023$fGBP25.00$g0$hC$5Uk
=CFI  2\$aBritish Library not licensed to copy$c0$e01-jan-2023$hC$iCFP Excluded$5Uk
=FIN  \\$aY
=FMT  \\$a  SE
=LAS  \\$aIPL-CLA$b00$c20230210$lBLL01$h0055
=LEO  \\$aMP22.0000046198
=SRC  \\$aISN01$bbibmp22.200404.2.aa
=TCO  \\$aCLA$bCLA$c008

