=LDR  01856cam a2200577uu 4500
=001  010844078
=003  Uk
=005  20230331162702.0
=008  990824s1999\\\\xxua\\\||\\\\\001\||eng\\
=010  \\$a99014999
=019  g\$aadv0500001238
=019  a\$aG05875972
=019  0\$as650200004
=020  \\$a0824719808
=040  \\$aUk$cUk
=050  04$aTP
=082  04$a668.9$221
=084  \\$aMG 05$2blsrissc
=245  00$aPolymer blends and alloys /$cedited by Gabriel O. Shonaike, George P. Simon.
=260  \\$aNew York :$bMarcel Dekker,$cc1999.
=300  \\$axiv, 745 p. :$bill. ;$c24 cm.
=336  \\$atext$2rdacontent
=337  \\$aunmediated$2rdamedia
=338  \\$avolume$2rdacarrier
=490  0\$aPlastics engineering ;$v52
=504  \\$aIncludes bibliographical references and index.
=540  \\$aCurrent Copyright Fee: GBP34.00$c0$5Uk
=590  \\$aBibl. ref. & index
=597  \\$aEnhanced$bSRIS DDC
=700  1\$aShonaike, Gabriel O.,$d1957-
=700  1\$aSimon, George P.,$d1960-
=852  41$aBritish Library$bDSC
=852  71$aBritish Library$bSTI$k(B)$hMG 05$2blsrissc
=886  2\$2blmarc$a010$b00$a99014999
=957  \\$a990816p
=966  \\$uo$lACQUIS 14/10/99
=CAT  \\$aCONV$b00$c20040425$lBLL90$h0859
=CAT  \\$aCONV$b00$c20040502$lBLL01$h1413
=CAT  \\$aglobal_upd$b40$c20060417$lBLL01$h1100
=CAT  \\$aBATCH$b00$c20091210$lBLL01$h0238
=CAT  \\$aBATCH$b00$c20091225$lBLL01$h0108
=CAT  \\$aBATCH-CLAB$c20230324$lBLL01$h1428
=CAT  \\$aIPL-CLA$c20230331$lBLL01$h1627
=CFI  0\$aCurrent Copyright Fee: GBP34.00$c0$e01-apr-2023$fGBP34.00$g0$hC$5Uk
=FIN  \\$aY
=FMT  \\$a  BK
=LAS  \\$aIPL-CLA$b00$c20230331$lBLL01$h1627
=LEO  \\$aMP8.0001577223
=LEO  \\$aMP25.0000332725
=SRC  \\$aDSC01$bbibmp8.200404.2.ac
=SRC  \\$aSRI01$bbibmp25.200404.2.aa

