=LDR  01610 as a2200469 a 4500
=001  010844254
=003  Uk
=005  20130508103549.0
=006  aa\\\|||||||||||||
=007  ta
=008  991004c19999999enk||\p\\\\\\\0\\\a0eng\\
=019  0\$as651320003
=040  \\$aUk$cUk
=082  04$a338.4769250943$221
=084  \\$aLM 01$2blsrissc
=245  00$aActive fire protection.$pGermany : a report /$cresearched and published by MSI Marketing Research for Industry Ltd.
=260  \\$aChester :$bMSI Marketing Research for Industry Ltd,$c1999-
=300  \\$av. ;$c30cm.
=336  \\$atext$2rdacontent
=337  \\$aunmediated$2rdamedia
=338  \\$avolume$2rdacarrier
=362  0\$a1999-
=490  0\$aMSI database
=650  \0$aFire prevention equipment industry$zGermany.
=650  \0$aMarket surveys$zGermany.
=690  7\$aManagement and Business Studies$2blcoll
=710  2\$aMSI Marketing Research for Industry Ltd.
=852  71$aBritish Library$bSTI$cRES$k(XB)$hLM 01$m-E(4)$2blsrissc$31999
=852  41$aBritish Library$bSTI$31999
=852  71$aBritish Library$bSTI$k(B)$hLM 01$mBusiness$2blsrissc$31999- ; 1999-***Current issue
=CAT  \\$aCONV$b00$c20040425$lBLL90$h0859
=CAT  \\$aCONV$b00$c20040502$lBLL01$h1413
=CAT  \\$aBATCH$b00$c20090619$lBLL01$h1834
=CAT  \\$aBATCH$b00$c20091122$lBLL01$h1626
=CAT  \\$a8456$b40$c20130508$lBLL01$h1035
=FIN  \\$aY
=FMT  \\$a  SE
=LAS  \\$a8456$b40$c20130508$lBLL01$h1035
=LEO  \\$aMP25.0000333767
=SRC  \\$aSRI01$bbibmp25.200404.2.aa
=SRC  \\$aDSS03$bbibsr.200404.2.aa
=TCO  \\$aCLA$bCLA$c008

