=LDR  01402 am a2200421ua 4500
=001  010847465
=003  Uk
=005  20110722080852.0
=008  010921s2000\\\\ua\a\\\||e\\\\001\||eng\\
=019  0\$as670769002
=020  \\$a977424592X
=040  \\$aUk$cUk
=082  04$a634.096203$221
=084  \\$aCP 30$2blsrissc
=084  \\$aCW 271$2blsrissc
=100  1\$aBircher, Alfred G.
=245  10$aEncyclopedia of fruit trees and edible flowering plants in Egypt and the subtropics /$cAlfred G. Bircher and Warda H. Bircher ; with a foreword by Vivi Täckholm.
=260  \\$aCairo :$bAmerican University of Cairo Press,$cc2000.
=300  \\$axxviii, 568 p. :$bill. ;$c30 cm.
=336  \\$atext$2rdacontent
=337  \\$aunmediated$2rdamedia
=338  \\$avolume$2rdacarrier
=500  \\$aIncludes index.
=650  \0$aFruit trees$zEgypt$vEncyclopedias.
=650  \0$aPlants, Edible$zEgypt$vEncyclopedias.
=700  1\$aBircher, Warda H.
=852  \\$aBritish Library$bDSC
=852  71$aBritish Library$bSTI$k(B)$hCP 30$2blsrissc
=957  \\$a010918p
=CAT  \\$aCONV$b00$c20040425$lBLL90$h0859
=CAT  \\$aCONV$b00$c20040502$lBLL01$h1413
=CAT  \\$aBATCH$b00$c20091122$lBLL01$h1627
=CAT  \\$a6537$b40$c20110722$lBLL01$h0808
=FIN  \\$aY
=FMT  \\$a  BK
=LAS  \\$a6537$b40$c20110722$lBLL01$h0808
=LEO  \\$aMP25.0000350617
=SRC  \\$aSRI01$bbibmp25.200404.2.aa

