=LDR  02200 am a2200673 a 4500
=001  010987858
=003  Uk
=005  20091216015000.0
=008  030303s2003\\\\enka\\\||\\\\\001\||eng\\
=015  \\$aGBA2X8853$2bnb
=019  y\$abA2X8853
=019  9\$a0905214587
=019  g\$aadv5005481435
=019  a\$aG07576825
=019  0\$as684351005
=020  \\$a0905214587 (pbk.) :$c£70.00
=039  0\$a2732
=040  \\$aStDuBDS$dUk
=082  04$a636.08965$221
=100  1\$aFoster, Aiden P.
=245  10$aBSAVA manual of small animal dermatology /$ceditors, Aiden P. Foster and Carol S. Foil.
=250  \\$a2nd ed.
=260  \\$aGloucester :$bBritish Small Animal Veterinary Association,$cc2003.
=300  \\$aviii, 300 p. :$bcol. ill. ;$c30 cm.
=336  \\$atext$2rdacontent
=337  \\$aunmediated$2rdamedia
=338  \\$avolume$2rdacarrier
=597  \\$aEnhanced$bSRIS DDC
=650  \0$aCats$xDiseases.
=650  \0$aDogs$xDiseases.
=650  \0$aPets$xDiseases.
=650  \0$aVeterinary dermatology.
=700  1\$aFoil, Carol S.
=710  2\$aBritish Small Animal Veterinary Association.
=852  41$aBritish Library$bDSC
=852  11$aBritish Library$bSTI$k(B)$h636.08965
=886  2\$2ukmarc$a910$b20$aB.S.A.V.A.$xSee$aBritish Small Animal Veterinary Association$z710
=886  2\$2ukmarc$a910$b20$aBSAVA$xSee$aBritish Small Animal Veterinary Association$z710
=957  \\$a030217c
=957  \\$r19/2/03$tM/34050-05
=966  \\$uo$lACQUIS 14/04/2004
=CAT  \\$aCONV$b00$c20040425$lBLL90$h0539
=CAT  \\$aCONV$b00$c20040502$lBLL01$h1420
=CAT  \\$aglobal_upd$b40$c20060417$lBLL01$h1139
=CAT  \\$aBATCH$b00$c20091122$lBLL01$h1631
=CAT  \\$aBATCH$b00$c20091210$lBLL01$h0353
=CAT  \\$aBATCH$b00$c20091214$lBLL01$h0556
=CAT  \\$aBATCH$b00$c20091216$lBLL01$h0150
=FIN  \\$aY
=FMT  \\$a  BK
=LAS  \\$aBATCH$b00$c20091216$lBLL01$h0150
=LDO  \\$aCIP$bpbk
=LEO  \\$aMP5.0000319508
=LEO  \\$aMP8.0001785103
=LEO  \\$aMP25.0000362247
=SRC  \\$aBNB03$bbibmp5.200404.2.aa
=SRC  \\$aDSC01$bbibmp8.200404.2.ac
=SRC  \\$aSRI01$bbibmp25.200404.2.aa
=SRC  \\$aLDS01$bbiblm.200404.2.aa

