=LDR  02846 am a2200673 a 4500
=001  010990364
=003  Uk
=005  20091122163200.0
=008  030102s2002\\\\enkab\\||\\\\\000\||eng\\
=015  \\$aGBA303329$2bnb
=019  y\$abA303329
=019  9\$a0946888469
=019  0\$as683105000
=020  \\$a0946888469 (pbk.) :$cNo price
=039  0\$a2724
=040  \\$aUk$cUk
=082  04$a333.918096$221
=084  \\$aGC 77$2blsrissc
=084  \\$aGC 62$2blsrissc
=245  00$aImportant bird areas and potential Ramsar sites in Africa /$cprincipal contributors, Angola, Richard Dean ... [et al.] ; compiler and data analyst, Mike Evans ; mapping, Mark Balman ; project advisors, Melanie Heath ... [et al.].
=260  \\$aCambridge :$bBirdLife International,$c2002.
=300  \\$a148 p. :$bill., maps ;$c30 cm.
=336  \\$atext$2rdacontent
=337  \\$aunmediated$2rdamedia
=338  \\$avolume$2rdacarrier
=500  \\$a"The information in this report is taken from Important bird areas in Africa and associated islands (Pisces Publications and BirdLife International, 2001)"-Back cover.
=500  \\$a"Designed and produced by the RSPB"_T.p. verso.
=504  \\$aIncludes bibliographical references.
=597  \\$aEnhanced$bSRIS DDC
=650  \0$aWetland conservation$zAfrica.
=650  \0$aWetland ecology$zAfrica.
=650  \0$aBirds$xConservation$zAfrica.
=700  1\$aDean, W. Richard J.$q(William Richard John),$d1940-
=700  1\$aEvans, M. I.
=710  2\$aBirdLife International.
=710  2\$aRoyal Society for the Protection of Birds.
=740  0\$aImportant bird areas in Africa and associated islands.
=852  41$aBritish Library$bDSC
=852  71$aBritish Library$bSTI$k(B)$hGC 77$2blsrissc
=886  2\$2ukmarc$a900$b10$aDean$hWilliam Richard John$c1940-$xSee$aDean, W. Richard J. (William Richard John),$x1940-$z700
=886  2\$2ukmarc$a900$b10$aDean$hRichard$c1940-$xSee$aDean, W. Richard J. (William Richard John),$x1940-$z700
=886  2\$2ukmarc$a900$b10$aEvans$hMichael I.$xSee$aEvans, M. I.$z700/1
=886  2\$2ukmarc$a900$b10$aEvans$hMike$c1963-$xSee$aEvans, M. I.$z700/1
=886  2\$2ukmarc$a910$b20$aInternational Council for Bird Preservation$xSee also$aBirdLife International$z710
=886  2\$2ukmarc$a910$b20$aRSPB$xSee$aRoyal Society for the Protection of Birds$z710/1
=957  \\$a021209c
=957  \\$r11/12/02$tM/33430-15
=CAT  \\$aCONV$b00$c20040425$lBLL90$h0539
=CAT  \\$aCONV$b00$c20040502$lBLL01$h1420
=CAT  \\$aBATCH$b00$c20091122$lBLL01$h1632
=FIN  \\$aY
=FMT  \\$a  BK
=LAS  \\$aBATCH$b00$c20091122$lBLL01$h1632
=LDO  \\$aLDO$bpbk
=LEO  \\$aMP5.0000323995
=LEO  \\$aMP25.0000361104
=SRC  \\$aBNB03$bbibmp5.200404.2.aa
=SRC  \\$aSRI01$bbibmp25.200404.2.aa
=SRC  \\$aLDS01$bbiblm.200404.2.aa

