=LDR  01852 am a2200541 a 4500
=001  010998806
=003  Uk
=005  20170425102141.0
=008  810511s1980\\\\enk\\\\||c\\\\001\||eng\\
=015  \\$aGB8114016$2bnb
=019  y\$aB8114016
=019  9\$ab8114016
=019  a\$aG00245070
=019  0\$as509579000
=020  \\$cUnpriced (spiral)
=039  0\$a1635
=040  \\$aUk$cUk$dUk
=050  00$aR835
=082  04$a016.61$219
=084  \\$aGP 44$2blsrissc
=084  \\$aAA 45$2blsrissc
=245  00$aMedical films 1980 :$bselected for their educational value.
=246  13$aMedical films selected for their educational value
=260  \\$aLondon :$bPublished by the British Life Assurance Trust for Health and Medical Education with the British Medical Association,$cc1980.
=300  \\$a2 v. (242, xii p.) ;$c30 cm. +$e2 sheets (4 sides)
=336  \\$atext$2rdacontent
=337  \\$aunmediated$2rdamedia
=338  \\$avolume$2rdacarrier
=500  \\$a'This catalogue contains films available from The BMA/BLAT Film Library and films distributed from other sources'.
=500  \\$aIncludes index.
=650  \0$aMedicine$vFilm catalogs.
=710  2\$aBritish Life Assurance Trust for Health Education.
=710  2\$aBritish Medical Association.
=852  41$aBritish Library$bDSC
=852  71$aBritish Library$bSTI$k(B)$hGP 44$2blsrissc
=CAT  \\$aCONV$b00$c20040425$lBLL90$h0544
=CAT  \\$aCONV$b00$c20040502$lBLL01$h1420
=CAT  \\$aBATCH$b00$c20091122$lBLL01$h1634
=CAT  \\$a6550$b40$c20170425$lBLL01$h1021
=FIN  \\$aY
=FMT  \\$a  BK
=LAS  \\$a6550$b40$c20170425$lBLL01$h1021
=LEO  \\$aMP5.0000514528
=LEO  \\$aMP8.0000077252
=LEO  \\$aMP25.0000200223
=SRC  \\$aBNB03$bbibmp5.200404.2.aa
=SRC  \\$aDSC01$bbibmp8.200404.2.aa
=SRC  \\$aSRI01$bbibmp25.200404.2.aa

