=LDR  02093cam a2200613 a 4500
=001  011013640
=003  Uk
=005  20220331220348.0
=008  960701s1995\\\\enka\\\||\\\\\001\||eng\\
=015  \\$aGB9653898$2bnb
=019  y\$ab9653898
=019  9\$a3540592881
=019  0\$as617409005
=020  \\$a3540592881 :$cNo price
=039  0\$a2398
=040  \\$aUk$cUk
=082  04$a338.064$220
=084  \\$aBW 91$2blsrissc
=084  \\$aBX 05$2blsrissc
=245  00$aTechnological change, economic development and space /$cCristoforo S. Bertuglia, Manfred M. Fischer, Giorgio Preto, (eds.).
=260  \\$aBerlin ;$aLondon :$bSpringer,$cc1995.
=300  \\$axvi,354p. :$bill. ;$c24cm.
=336  \\$atext$2rdacontent
=337  \\$aunmediated$2rdamedia
=338  \\$avolume$2rdacarrier
=490  0\$aAdvances in spatial science
=504  \\$aIncludes bibliographical references and index.
=540  \\$aBritish Library not licensed to copy$c0$5Uk
=650  \0$aTechnological innovations$xEconomic aspects.
=650  \0$aDiffusion of innovations.
=650  \0$aEconomic development.
=650  \0$aSpace in economics.
=653  1\$aIndustries$aTechnology$aInnovation
=690  7\$aManagement and Business Studies$2blcoll
=700  1\$aBertuglia, C. S.$q(Cristoforo Sergio)
=700  1\$aFischer, Manfred M.,$d1947-
=700  1\$aPreto, Giorgio,$d1937-
=852  41$aBritish Library$bDSC
=852  71$aBritish Library$bSTI$k(B)$hBW 91$2blsrissc
=957  \\$aP
=CAT  \\$aCONV$b00$c20040425$lBLL90$h0615
=CAT  \\$aCONV$b00$c20040502$lBLL01$h1420
=CAT  \\$aBATCH$b00$c20090619$lBLL01$h1837
=CAT  \\$aBATCH$b00$c20091122$lBLL01$h1639
=CAT  \\$aBATCH-CLAB$c20220330$lBLL01$h1826
=CAT  \\$aIPL-CLA$c20220331$lBLL01$h2203
=CFI  0\$aBritish Library not licensed to copy$c0$e01-apr-2022$hC$iCFP Excluded$5Uk
=FIN  \\$aY
=FMT  \\$a  BK
=LAS  \\$aIPL-CLA$b00$c20220331$lBLL01$h2203
=LEO  \\$aMP5.0001446382
=LEO  \\$aMP25.0000308613
=SRC  \\$aBNB03$bbibmp5.200404.2.ac
=SRC  \\$aSRI01$bbibmp25.200404.2.aa

