=LDR  01783cam a2200553 a 4500
=001  011014044
=003  Uk
=005  20220331220350.0
=008  971201s1997\\\\enka\\\||\\\\\001\||eng\\
=010  \\$a97029212
=015  \\$aGB9774834$2bnb
=019  y\$ab9774834
=019  9\$a3540760849
=019  0\$as633815004
=020  \\$a3540760849 (pbk) :$cNo price
=039  0\$a2469
=040  \\$aDLC$cDLC$dUk
=041  1\$aeng$hfre
=082  04$a005.1$221
=084  \\$aPN 344$2blsrissc
=100  10$aCoulange, Bernard,$d1953-
=240  10$aRéutilisation du logiciel.$lEnglish
=245  10$aSoftware reuse /$cBernard Coulange ; translation editor, Ian Craig.
=260  \\$aLondon :$bSpringer,$cc1997.
=300  \\$axiii, 293p. :$bill. ;$c24cm.
=336  \\$atext$2rdacontent
=337  \\$aunmediated$2rdamedia
=338  \\$avolume$2rdacarrier
=500  \\$aBibliography: p275-289. _ Includes index.
=540  \\$aBritish Library not licensed to copy$c0$5Uk
=546  \\$aTranslated from French.
=650  \0$aComputer software$xReusability.
=852  41$aBritish Library$bDSC
=852  71$aBritish Library$bSTI$k(B)$hPN 344$2blsrissc
=957  \\$a971104c
=CAT  \\$aCONV$b00$c20040425$lBLL90$h0615
=CAT  \\$aCONV$b00$c20040502$lBLL01$h1420
=CAT  \\$aBATCH$b00$c20091122$lBLL01$h1640
=CAT  \\$aBATCH-CLAB$c20220330$lBLL01$h1719
=CAT  \\$aBATCH-UPD$b00$c20220331$lBLL01$h0738
=CAT  \\$aIPL-CLA$c20220331$lBLL01$h2203
=CFI  0\$aBritish Library not licensed to copy$c0$e01-apr-2022$hC$iCFP Excluded$5Uk
=FIN  \\$aY
=FMT  \\$a  BK
=LAS  \\$aIPL-CLA$b00$c20220331$lBLL01$h2203
=LEO  \\$aMP5.0001446815
=LEO  \\$aMP25.0000318322
=SRC  \\$aBNB03$bbibmp5.200404.2.ac
=SRC  \\$aSRI01$bbibmp25.200404.2.aa

