=LDR  02181cam a2200625 a 4500
=001  011020066
=003  Uk
=005  20230331162804.0
=008  001120s2000\\\\enka\\\||\\\\\001\||eng\\
=015  \\$aGBA0Y5348$2bnb
=019  y\$abA0Y5348
=019  9\$a184214006x
=019  0\$as662454006
=020  \\$a184214006X :$c£85.00
=039  0\$a2618
=040  \\$aStDuBDS$dUk
=082  04$a618.047543$221
=084  \\$aGR 18$2blsrissc
=245  00$aClinical application of 3D sonography /$cedited by Asim Kurjak and Sanja Kupesic.
=260  \\$aNew York, N.Y. ;$aCarnforth :$bParthenon,$c2000.
=300  \\$aix,261p. :$bill.(some col.) ;$c31cm.
=336  \\$atext$2rdacontent
=337  \\$aunmediated$2rdamedia
=338  \\$avolume$2rdacarrier
=500  \\$aIncludes index.
=540  \\$aCurrent Copyright Fee: GBP34.00$c0$5Uk
=597  \\$aEnhanced$bSRIS DDC
=650  \0$aUltrasonic imaging.
=650  \0$aThree-dimensional imaging in medicine.
=650  \0$aUltrasonics in obstetrics.
=650  \0$aGenerative organs, Female$xUltrasonic imaging.
=700  1\$aKurjak, Asim.
=700  1\$aKupesic, S.$q(Sanja).
=852  41$aBritish Library$bDSC
=852  71$aBritish Library$bSTI$k(B)$hGR 18$2blsrissc
=886  2\$2ukmarc$a900$b10$aKurjak$hA.$xSee$aKurjak, Asim$z700
=886  2\$2ukmarc$a900$b10$aKupesic$hSanja$xSee$aKupesic, S. (Sanja)$z700/1
=957  \\$a001110c
=CAT  \\$aCONV$b00$c20040425$lBLL90$h0627
=CAT  \\$aCONV$b00$c20040502$lBLL01$h1421
=CAT  \\$aBATCH$b00$c20091122$lBLL01$h1642
=CAT  \\$aBATCH-CLAB$c20220330$lBLL01$h1643
=CAT  \\$aBATCH-UPD$b00$c20220330$lBLL01$h2257
=CAT  \\$aIPL-CLA$c20220331$lBLL01$h2203
=CAT  \\$aBATCH-CLAB$c20230324$lBLL01$h1340
=CAT  \\$aIPL-CLA$c20230331$lBLL01$h1628
=CFI  0\$aCurrent Copyright Fee: GBP34.00$c0$e01-apr-2023$fGBP34.00$g0$hC$5Uk
=CFI  2\$aPrevious Copyright Fee: GBP28.00$c0$e01-apr-2022$fGBP28.00$g0$hC$5Uk
=FIN  \\$aY
=FMT  \\$a  BK
=LAS  \\$aIPL-CLA$b00$c20230331$lBLL01$h1628
=LEO  \\$aMP5.0001811293
=LEO  \\$aMP25.0000343838
=SRC  \\$aBNB03$bbibmp5.200404.2.ad
=SRC  \\$aSRI01$bbibmp25.200404.2.aa

