=LDR  01583 am a2200529 a 4500
=001  011020712
=003  Uk
=005  20091122164200.0
=008  010402s2001\\\\enka\\\||\\\\\001\||eng\\
=015  \\$aGBA0W1457$2bnb
=019  y\$abA0W1457
=019  9\$a1852331275
=019  0\$as665745001
=020  \\$a1852331275 :$c£170.00
=039  0\$a2636
=040  \\$aStDuBDS$dUk
=082  04$a618.3207$221
=084  \\$aGW 62$2blsrissc
=245  00$aFetal and neonatal pathology /$cJean W. Keeling, ed.
=250  \\$a3rd ed.
=260  \\$aLondon :$bSpringer,$cc2001.
=300  \\$axxii, 776 p. :$bill. (some col.) ;$c28 cm.
=336  \\$atext$2rdacontent
=337  \\$aunmediated$2rdamedia
=338  \\$avolume$2rdacarrier
=500  \\$aPrevious ed.: 1993.
=504  \\$aIncludes bibliographical references and index.
=597  \\$aEnhanced$bSRIS DDC
=650  \0$aFetus$xDiseases.
=650  \0$aFetus$xAbnormalities.
=650  \0$aInfants (Newborn)$xDiseases.
=650  \0$aPediatric pathology.
=650  \0$aFetus$xPathophysiology.
=700  1\$aKeeling, Jean W.$q(Jean Winifred)
=852  41$aBritish Library$bDSC
=852  71$aBritish Library$bSTI$k(B)$hGW 62$2blsrissc
=957  \\$a010327c
=CAT  \\$aCONV$b00$c20040425$lBLL90$h0627
=CAT  \\$aCONV$b00$c20040502$lBLL01$h1421
=CAT  \\$aBATCH$b00$c20091122$lBLL01$h1642
=FIN  \\$aY
=FMT  \\$a  BK
=LAS  \\$aBATCH$b00$c20091122$lBLL01$h1642
=LEO  \\$aMP5.0001817244
=LEO  \\$aMP25.0000346836
=SRC  \\$aBNB03$bbibmp5.200404.2.ad
=SRC  \\$aSRI01$bbibmp25.200404.2.aa

