=LDR  01881 am a2200565 a 4500
=001  011020734
=003  Uk
=005  20181031172900.0
=008  001218s2001\\\\enka\\\||\\\\\001\||eng\\
=010  \\$a99021135
=015  \\$aGBA100734$2bnb
=019  y\$abA100734
=019  9\$a1852331577
=019  0\$as663270006
=020  \\$a1852331577 :$cNo price
=039  0\$a2622
=040  \\$aDLC$cDLC$dUk
=082  04$a006.3$221
=084  \\$aPB 226$2blsrissc
=100  10$aLee, E. Stanley$q(Eugene Stanley),$d1930-
=245  10$aFuzzy and mutli-level decision making :$ban interactive computational approach /$cE. Stanley Lee and Hsu-Shih Shih.
=260  \\$aLondon :$bSpringer,$cc2001.
=300  \\$aix, 193 p. :$bill. ;$c24 cm.
=336  \\$atext$2rdacontent
=337  \\$aunmediated$2rdamedia
=338  \\$avolume$2rdacarrier
=490  1\$aAdvanced manufacturing series
=504  \\$aIncludes bibliographical references and index.
=597  \\$aEnhanced$bSRIS DDC
=650  \0$aSoft computing.
=650  \0$aMathematical optimization.
=650  \0$aOperations research.
=700  1\$aShih, Hsu-Shih,$d1955-
=830  \0$aAdvanced manufacturing series.
=852  41$aBritish Library$bDSC
=852  71$aBritish Library$bSTI$k(B)$hPB 226$2blsrissc
=886  2\$2ukmarc$a900$b10$aLee$hE. S.$kEugene Stanley$c1930-$xSee$aLee, E. Stanley (Eugene Stanley),$x1930-$z100
=957  \\$a001204c
=CAT  \\$aCONV$b00$c20040425$lBLL90$h0627
=CAT  \\$aCONV$b00$c20040502$lBLL01$h1421
=CAT  \\$aBATCH$b00$c20091122$lBLL01$h1642
=CAT  \\$aBATCH$b00$c20091217$lBLL01$h0212
=CAT  \\$aBATCH-UPD$b00$c20181031$lBLL01$h1729
=FIN  \\$aY
=FMT  \\$a  BK
=LAS  \\$aBATCH-UPD$b00$c20181031$lBLL01$h1729
=LEO  \\$aMP5.0001817273
=LEO  \\$aMP25.0000344561
=SRC  \\$aBNB03$bbibmp5.200404.2.ad
=SRC  \\$aSRI01$bbibmp25.200404.2.aa

