=LDR  02150 as a22006497a 4500
=001  008207593
=003  Uk
=005  20110418091559.0
=007  ta
=008  880112d1987200uenkzr\p\\\\\\\0\\\a0eng\\
=019  0\$as171573013
=019  c\$a2342114
=022  0\$a0953-2846$202
=040  \\$aUk$cUk$dUk
=042  \\$aissnuk
=082  04$a690.24$221
=084  \\$aWN 80$2blsrissc
=110  2\$aBuilding Maintenance Information Ltd.
=210  0\$aBMI news
=222  \0$aBMI news
=245  10$aBMI news.
=246  3\$aBuilding Maintenance Information news
=260  \\$aKingston upon Thames :$bBuilding Maintenance Information Ltd,$c1987-
=300  \\$c30 cm.
=336  \\$atext$2rdacontent
=337  \\$aunmediated$2rdamedia
=338  \\$avolume$2rdacarrier
=595  \\$aSEE 2116.176 SEE ALSO 2116.0548N FOR H&SS HOLDINGS.
=780  00$tBMCIS news$x0263-2020
=852  49$aBritish Library$bDSC$3See shelfmark 2116.176000
=852  71$aBritish Library$bSTI$k(P)$hWN 80$m-E(14)$2blsrissc$3No. 88 (1987)-no. 269 (2007)
=945  \\$aBMI NEWS.
=963  \\$aNO. 88, 1987- *A=1$bN$cL436.B.753
=968  \\$bx
=985  \\$aRecord merged by DQ team
=ACF  \\$aCurrent copyright fee: GBP4.20$c0$e01-apr-1997$fGBP4.20$g0$hA$5Uk
=CAT  \\$aCONV$b00$c20040425$lBLL90$h0852
=CAT  \\$aCONV$b00$c20040502$lBLL01$h1244
=CAT  \\$a11306$b40$c20050606$lBLL01$h1225
=CAT  \\$aglobal_upd$b40$c20060417$lBLL01$h1633
=CAT  \\$aBATCH$b00$c20091208$lBLL01$h0342
=CAT  \\$a8201$b40$c20110418$lBLL01$h0915
=CAT  \\$aBATCH-UPD$b40$c20120427$lBLL01$h1726
=CAT  \\$aBATCH-CLA$b00$c20121104$lBLL01$h1037
=CAT  \\$aWR13.005$c20130323$lBLL01$h1228
=CFI  2\$aCurrent copyright fee: GBP4.40$c0$e01-jul-1998$fGBP4.40$g0$hA$5Uk
=FIN  \\$aY
=FMT  \\$a  SE
=LAS  \\$aWR13.005$b00$c20130323$lBLL01$h1228
=LEO  \\$aMP22.0000027042
=LEO  \\$aMP25.0000072268
=LEO  \\$aMP10.0000102572
=SRC  \\$aDSS03$bbibsr.200404.2.aa
=SRC  \\$aDSS01$bbibmp10.200404.2.aa
=SRC  \\$aISN01$bbibmp22.200404.2.aa
=SRC  \\$aSRI01$bbibmp25.200404.2.aa
=TCO  \\$aCLA$bCLA$c008

