=LDR  05102cas a22010577a 4500
=001  008208099
=003  Uk
=005  20221231184323.0
=007  ta
=008  811117d19321985nz\fr\p|||\\\|0\\\a0eng\\
=019  0\$as200365010
=022  0\$a0028-8284
=040  \\$aUk$cUk$dUk
=082  04$a634.90993$221
=084  \\$aDG 00$2blsrissc
=245  00$aNew Zealand journal of forestry.
=260  \\$a[Wellington North] :$bNew Zealand Institute of Foresters,$c1932-1985.
=300  \\$c22cm.
=336  \\$atext$2rdacontent
=337  \\$aunmediated$2rdamedia
=338  \\$avolume$2rdacarrier
=540  \\$aCurrent Copyright Fee: GBP25.00$c0$5Uk
=580  \\$aContinuation of, and to vol.4, no.1, also entitled, "Te kura ngahere", q.v.
=710  2\$aNew Zealand Institute of Foresters.
=780  00$tTe kura ngahere
=785  00$tNew Zealand forestry$x0112-9597
=852  49$aBritish Library$bDSC$3See shelfmark 6094.000000 for vol. 5(3), 1946 *A=1; 5(5), 1948 *A=1; 6, 1949- 30(2), 1985
=852  71$aBritish Library$bSTI$k(P)$hDG 00$m-E(2)$2blsrissc$31932-1985; Vol.3, no.3 - vol.30. ; Deficient: vol.4, no.3
=886  2\$2blmarc$a029$b00$aS200365002$aS200365029
=968  \\$bX
=ACF  \\$aPrevious Copyright Fee: GBP2.86$c0$e01-jul-2009$fGBP2.86$g0$hC$5Uk
=ACF  \\$aPrevious Copyright Fee: GBP2.86$c0$e01-apr-2009$fGBP2.86$g0$hC$5Uk
=ACF  \\$aPrevious Copyright Fee: GBP2.50$c0$e01-jan-2009$fGBP2.50$g0$hC$5Uk
=ACF  \\$aPrevious Copyright Fee: GBP2.00$c0$e01-oct-2008$fGBP2.00$g0$hC$5Uk
=ACF  \\$aPrevious Copyright Fee: GBP2.00$c0$e01-jul-2008$fGBP2.00$g0$hC$5Uk
=ACF  \\$aPrevious Copyright Fee: GBP2.00$c0$e01-apr-2008$fGBP2.00$g0$hC$5Uk
=ACF  \\$aPrevious Copyright Fee: GBP2.00$c0$e01-jan-2008$fGBP2.00$g0$hC$5Uk
=ACF  \\$aPrevious Copyright Fee: GBP2.00$c0$e01-oct-2007$fGBP2.00$g0$hC$5Uk
=ACF  \\$aPrevious Copyright Fee: GBP2.00$c0$e01-jul-2007$fGBP2.00$g0$hC$5Uk
=ACF  \\$aPrevious Copyright Fee: GBP2.05$c0$e01-apr-2007$fGBP2.05$g0$hC$5Uk
=ACF  \\$aPrevious Copyright Fee: GBP2.16$c0$e01-jan-2007$fGBP2.16$g0$hC$5Uk
=ACF  \\$aPrevious Copyright Fee: GBP2.16$c0$e01-oct-2006$fGBP2.16$g0$hC$5Uk
=ACF  \\$aPrevious Copyright Fee: GBP2.29$c0$e01-jul-2006$fGBP2.29$g0$hC$5Uk
=ACF  \\$aPrevious Copyright Fee: GBP2.29$c0$e01-apr-2006$fGBP2.29$g0$hC$5Uk
=ACF  \\$aPrevious Copyright Fee: GBP2.22$c0$e01-jan-2006$fGBP2.22$g0$hC$5Uk
=ACF  \\$aPrevious Copyright Fee: GBP2.16$c0$e01-oct-2005$fGBP2.16$g0$hC$5Uk
=ACF  \\$aPrevious Copyright Fee: GBP2.16$c0$e01-jul-2005$fGBP2.16$g0$hC$5Uk
=ACF  \\$aPrevious Copyright Fee: GBP2.16$c0$e01-apr-2005$fGBP2.16$g0$hC$5Uk
=ACF  \\$aPrevious Copyright Fee: GBP2.22$c0$e01-jan-2005$fGBP2.22$g0$hC$5Uk
=ACF  \\$aPrevious Copyright Fee: GBP2.16$c0$e01-oct-2004$fGBP2.16$g0$hC$5Uk
=ACF  \\$aPrevious copyright fee: GBP10.50$c0$e01-jan-2011$fGBP10.50$g0$hA$5Uk
=ACF  \\$aPrevious copyright fee: GBP12.00$c0$e01-jan-2012$fGBP12.00$g0$hA$5Uk
=ACF  \\$aPrevious Copyright Fee: GBP12.30$c0$e01-jan-2014$fGBP12.30$g0$hA$5Uk
=ACF  \\$aPrevious Copyright Fee: GBP15.00$c0$e01-jan-2017$fGBP15.00$g0$hA$5Uk
=ACF  \\$aPrevious Copyright Fee: GBP17.50$c0$e01-jan-2018$fGBP17.50$g0$hA$5Uk
=ACF  \\$aPrevious Copyright Fee: GBP20.00$c0$e01-jan-2020$fGBP20.00$g0$hA$5Uk
=CAT  \\$aCONV$b00$c20040425$lBLL90$h0852
=CAT  \\$aBATCH-UPD$b00$c20090331$lBLL01$h2350
=CAT  \\$aBATCH$b00$c20090401$lBLL01$h0118
=CAT  \\$aBATCH-CLA$b00$c20090529$lBLL01$h1711
=CAT  \\$aBATCH-UPD$b00$c20090701$lBLL01$h1943
=CAT  \\$aBATCH-UPD$b00$c20090701$lBLL01$h2026
=CAT  \\$aBATCH$b00$c20090701$lBLL01$h2048
=CAT  \\$aBATCH$b00$c20091208$lBLL01$h0342
=CAT  \\$aBATCH-UPD$b00$c20101201$lBLL01$h1214
=CAT  \\$aIPL-CLA$c20101231$lBLL01$h1217
=CAT  \\$aWR11_203$c20111204$lBLL01$h1308
=CAT  \\$aIPL-CLA$c20111230$lBLL01$h1721
=CAT  \\$aBATCH-CLA$b00$c20121104$lBLL01$h1037
=CAT  \\$aBATCH-CLA$c20131217$lBLL01$h0130
=CAT  \\$aIPL-CLA$c20131231$lBLL01$h1913
=CAT  \\$aBATCH-CLA$b00$c20161222$lBLL01$h1703
=CAT  \\$aIPL-CLA$c20161230$lBLL01$h1826
=CAT  \\$aBATCH-CLA$b00$c20171222$lBLL01$h1959
=CAT  \\$aIPL-CLA$c20171231$lBLL01$h1401
=CAT  \\$aBATCH-CLA$b00$c20191219$lBLL01$h1628
=CAT  \\$aIPL-CLA$c20191231$lBLL01$h1730
=CAT  \\$aR2001-1524$c20200127$lBLL01$h1927
=CAT  \\$aBATCH-CLA$b00$c20201204$lBLL01$h1424
=CAT  \\$aIPL-CLA$c20201231$lBLL01$h1928
=CAT  \\$aBATCH-CLA$b00$c20221221$lBLL01$h1728
=CAT  \\$aIPL-CLA$c20221231$lBLL01$h1843
=CFI  0\$aCurrent Copyright Fee: GBP25.00$c0$e01-jan-2023$fGBP25.00$g0$hA$5Uk
=CFI  2\$aPrevious Copyright Fee: GBP22.50$c0$e01-jan-2021$fGBP22.50$g0$hA$5Uk
=FIN  \\$aY
=FMT  \\$a  SE
=LAS  \\$aIPL-CLA$b00$c20221231$lBLL01$h1843
=LEO  \\$aMP25.0000072931
=LKR  \\$aPAR$b008208098$lBLL01$r78000$mNew Zealand journal of forestry.$nTe kura ngahere.
=SRC  \\$aSRI01$bbibmp25.200404.2.aa
=TCO  \\$aNZL$bCLL$c008

