=LDR  04283cas a2200973 a 4500
=001  008208725
=003  Uk
=005  20230930100815.0
=007  ta
=008  780110d19601976xxubr\p\\\\\\\0\\\a0eng\\
=019  0\$as201032007
=022  0\$a0016-4585
=040  \\$aUk$cUk$dUk
=082  04$a580.5$222
=084  \\$aDT 50$2blsrissc
=210  0\$aGard. j.
=222  \0$aGarden journal
=245  00$aGarden journal.
=260  \\$aBronx, N.Y. :$bNew York Botanical Garden,$c1960-1976.
=300  \\$a17 v. :$bill. ;$c29 cm.
=310  \\$aBimonthly
=336  \\$atext$2rdacontent
=337  \\$aunmediated$2rdamedia
=338  \\$avolume$2rdacarrier
=362  0\$av. 10-26; Jan./Feb. 1960-Dec. 1976.
=540  \\$aCurrent Copyright Fee: GBP21.25$c0$5Uk
=650  \0$aGardening$vPeriodicals.
=650  \0$aPlants, Cultivated$vPeriodicals.
=710  2\$aNew York Botanical Garden.
=770  0\$aNew York Botanical Garden.$tNewsletter - New York Botanical Garden$x0550-6565
=780  00$tGarden journal of the New York Botanical Garden
=785  02$tGarden$b(New York. 1977)$x0191-3999
=852  49$aBritish Library$bDSC$3See shelfmark 4071.000000
=852  71$aBritish Library$bSTI$k(P)$hDT 50$m-E(1)$2blsrissc$3Vol. 10 (1960)-v. 26 (1976)***UKRR Retained Title
=ACF  \\$aPrevious Copyright Fee: GBP20.00$c0$e01-apr-2017$fGBP20.00$g0$hC$5Uk
=ACF  \\$aPrevious Copyright Fee: GBP19.00$c0$e01-oct-2017$fGBP19.00$g0$hC$5Uk
=ACF  \\$aPrevious Copyright Fee: GBP19.23$c0$e01-jan-2018$fGBP19.23$g0$hC$5Uk
=ACF  \\$aPrevious Copyright Fee: GBP17.86$c0$e01-apr-2018$fGBP17.86$g0$hC$5Uk
=ACF  \\$aPrevious Copyright Fee: GBP19.23$c0$e01-oct-2018$fGBP19.23$g0$hC$5Uk
=ACF  \\$aPrevious Copyright Fee: GBP20.00$c0$e01-oct-2019$fGBP20.00$g0$hC$5Uk
=ACF  \\$aPrevious Copyright Fee: GBP19.23$c0$e01-apr-2020$fGBP19.23$g0$hC$5Uk
=ACF  \\$aPrevious Copyright Fee: GBP20.00$c0$e01-jul-2020$fGBP20.00$g0$hC$5Uk
=ACF  \\$aPrevious Copyright Fee: GBP18.61$c0$e01-apr-2021$fGBP18.61$g0$hC$5Uk
=ACF  \\$aPrevious Copyright Fee: GBP18.06$c0$e01-jul-2021$fGBP18.06$g0$hC$5Uk
=ACF  \\$aPrevious Copyright Fee: GBP17.74$c0$e01-oct-2021$fGBP17.74$g0$hC$5Uk
=ACF  \\$aPrevious Copyright Fee: GBP20.01$c0$e01-jan-2022$fGBP20.01$g0$hC$5Uk
=ACF  \\$aBritish Library not licensed to copy$c0$e01-oct-2022$hC$iCFP Excluded$5Uk
=ACF  \\$aPrevious Copyright Fee: GBP22.38$c0$e09-feb-2023$fGBP22.38$g0$hC$5Uk
=ACF  \\$aPrevious Copyright Fee: GBP20.69$c0$e01-apr-2023$fGBP20.69$g0$hC$5Uk
=CAT  \\$aCONV$b00$c20040425$lBLL90$h0852
=CAT  \\$aBATCH-CLA$b00$c20190909$lBLL01$h1717
=CAT  \\$aIPL-CLA$c20190930$lBLL01$h1628
=CAT  \\$aBATCH-CLA$b00$c20200228$lBLL01$h1638
=CAT  \\$aIPL-CLA$c20200331$lBLL01$h1604
=CAT  \\$aBATCH-CLA$b00$c20200529$lBLL01$h1534
=CAT  \\$aIPL-CLA$c20200701$lBLL01$h0045
=CAT  \\$aBATCH-CLA$b00$c20210227$lBLL01$h1009
=CAT  \\$aIPL-CLA$c20210331$lBLL01$h1834
=CAT  \\$aBATCH-CLA$b00$c20210528$lBLL01$h1525
=CAT  \\$aIPL-CLA$c20210704$lBLL01$h1112
=CAT  \\$aBATCH-CLA$b00$c20210917$lBLL01$h1602
=CAT  \\$aIPL-CLA$c20210930$lBLL01$h1645
=CAT  \\$aBATCH-CLA$b00$c20211203$lBLL01$h0813
=CAT  \\$aIPL-CLA$c20211231$lBLL01$h1712
=CAT  \\$aBATCH-CLA$b00$c20220903$lBLL01$h0718
=CAT  \\$aBATCH-CLA$b00$c20220903$lBLL01$h0719
=CAT  \\$aIPL-CLA$c20220930$lBLL01$h1547
=CAT  \\$aBATCH-CLA$b00$c20230209$lBLL01$h1520
=CAT  \\$aIPL-CLA$c20230210$lBLL01$h0045
=CAT  \\$aBATCH-CLA$b00$c20230314$lBLL01$h1827
=CAT  \\$aIPL-CLA$c20230331$lBLL01$h1613
=CAT  \\$aBATCH-CLA$b00$c20230531$lBLL01$h1702
=CAT  \\$aIPL-CLA$c20230630$lBLL01$h1707
=CAT  \\$aBATCH-CLA$b00$c20230906$lBLL01$h1738
=CAT  \\$aIPL-CLA$c20230930$lBLL01$h1008
=CFI  0\$aCurrent Copyright Fee: GBP21.25$c0$e01-oct-2023$fGBP21.25$g0$hC$5Uk
=CFI  2\$aPrevious Copyright Fee: GBP22.00$c0$e01-jul-2023$fGBP22.00$g0$hC$5Uk
=FIN  \\$aY
=FMT  \\$a  SE
=LAS  \\$aIPL-CLA$b00$c20230930$lBLL01$h1008
=LEO  \\$aMP25.0000073646
=LKR  \\$aPAR$b008539188$lBLL01$r78502$mGarden journal$nGARDEN -NEW YORK-.
=SRC  \\$aSRI01$bbibmp25.200404.2.aa
=TCO  \\$aTRS$bCCC$c008

