=LDR  05054 as a2201057 a 4500
=001  008209561
=003  Uk
=005  20201231192821.0
=007  ta
=008  771102d19721977enkar\p\\\\\\\1\\\a0eng\\
=019  0\$as202357007
=022  0\$a0080-4355$202
=040  \\$aUk$cUk$dUk
=042  \\$aissnuk
=082  0\$a597.706242
=084  \\$aFY 152$2blsrissc
=110  2\$aRoyal Entomological Society of London.
=210  0\$aProc. R. Entomol. Soc. Lond., J. meet.
=222  \0$aProceedings of the Royal Entomological Society of London. Journal of meetings
=245  10$aProceedings of the Royal Entomological Society of London.$pJournal of meetings.
=246  30$aJournal of meetings
=260  \\$aLondon :$bRoyal Entomological Society of London
=300  \\$a6v.$c26 cm.
=310  \\$aAnnual
=336  \\$atext$2rdacontent
=337  \\$aunmediated$2rdamedia
=338  \\$avolume$2rdacarrier
=362  0\$av. 36-41; 1971/72-1976/77.
=540  \\$aBritish Library not licensed to copy$c0$5Uk
=650  \0$aInsects$xSociety publications.
=650  \0$aEntomology$vPeriodicals.
=780  00$aRoyal Entomological Society of London$tProceedings of the Royal Entomological Society of London. Series C. Journal of meetings$x1946-1496
=785  00$tAntenna$x0140-1890
=852  49$aBritish Library$bDSC$3See shelfmark 6793.500 for DSC stock
=852  71$aBritish Library$bSTI$k(P)$hFY 152$m-E(1)$2blsrissc$3Vol. 36, 1971/1972- 41, 1976/1977
=985  \\$aRecord merged by DQ team
=ACF  \\$aBritish Library not licensed to copy$c0$e01-apr-2012$hC$iCLA Excluded$5Uk
=ACF  \\$aBritish Library not licensed to copy$c0$e01-jan-2012$hC$iCLA Excluded$5Uk
=ACF  \\$aBritish Library not licensed to copy$c0$e01-oct-2011$hC$iCLA Excluded$5Uk
=ACF  \\$aBritish Library not licensed to copy$c0$e01-jul-2011$hC$iCLA Excluded$5Uk
=ACF  \\$aBritish Library not licensed to copy$c0$e01-apr-2011$hC$iCLA Excluded$5Uk
=ACF  \\$aBritish Library not licensed to copy$c0$e01-jan-2011$hC$iCLA Excluded$5Uk
=ACF  \\$aBritish Library not licensed to copy$c0$e01-oct-2010$hC$iCLA Excluded$5Uk
=ACF  \\$aBritish Library not licensed to copy$c0$e01-jul-2010$hC$iCLA Excluded$5Uk
=ACF  \\$aBritish Library not licensed to copy$c0$e01-apr-2010$hC$iCLA Excluded$5Uk
=ACF  \\$aBritish Library not licensed to copy$c0$e01-Jan-2010$hC$iCLA Excluded$5Uk
=ACF  \\$aBritish Library not licensed to copy$c0$e01-oct-2009$hC$iCLA Excluded$5Uk
=ACF  \\$aBritish Library not licensed to copy$c0$e01-jul-2009$hC$iCLA Excluded$5Uk
=ACF  \\$aBritish Library not licensed to copy$c0$e01-apr-2009$hC$iCLA Excluded$5Uk
=ACF  \\$aBritish Library not licensed to copy$c0$e01-jan-2009$hC$iCLA Excluded$5Uk
=ACF  \\$aBritish Library not licensed to copy$c0$e18-nov-2008$g0$hC$iCLA-excluded$5Uk
=ACF  \\$aBritish Library not licensed to copy$c0$e01-jul-2012$hC$iCLA Excluded$5Uk
=ACF  \\$aBritish Library not licensed to copy$c0$e01-oct-2012$hC$iCFP Excluded$5Uk
=ACF  \\$aBritish Library not licensed to copy$c0$e01-jan-2014$hC$iCFP Excluded$5Uk
=CAT  \\$aCONV$b00$c20040425$lBLL90$h0853
=CAT  \\$aIPL-CLA$c20110331$lBLL01$h1432
=CAT  \\$aBATCH-CLA$b00$c20110531$lBLL01$h1651
=CAT  \\$aIPL-CLA$c20110630$lBLL01$h1512
=CAT  \\$aBATCH-CLA$b00$c20110831$lBLL01$h1816
=CAT  \\$aIPL-CLA$c20110930$lBLL01$h1511
=CAT  \\$aBATCH-CLA$b00$c20111130$lBLL01$h1214
=CAT  \\$aIPL-CLA$c20111230$lBLL01$h1721
=CAT  \\$aBATCH-CLA$b00$c20120229$lBLL01$h1628
=CAT  \\$aIPL-CLA$c20120330$lBLL01$h1358
=CAT  \\$aBATCH-CLA$b00$c20120531$lBLL01$h1718
=CAT  \\$aIPL-CLA$c20120629$lBLL01$h0954
=CAT  \\$aBATCH-CLA$b00$c20120831$lBLL01$h1543
=CAT  \\$aIPL-CLA$c20120930$lBLL01$h2010
=CAT  \\$aBATCH-CLA$b00$c20121104$lBLL01$h1037
=CAT  \\$aWR12_128$c20121113$lBLL01$h1830
=CAT  \\$aBATCH-CLA$b00$c20131129$lBLL01$h1652
=CAT  \\$aIPL-CLA$c20131231$lBLL01$h1913
=CAT  \\$a11316$b40$c20140821$lBLL01$h1210
=CAT  \\$a11316$b40$c20140821$lBLL01$h1213
=CAT  \\$a11316$b40$c20140821$lBLL01$h1510
=CAT  \\$a11316$b40$c20140821$lBLL01$h1526
=CAT  \\$aBATCH-CLA$b00$c20200903$lBLL01$h1620
=CAT  \\$aIPL-CLA$c20200930$lBLL01$h1640
=CAT  \\$aBATCH-CLA$b00$c20201126$lBLL01$h1418
=CAT  \\$aIPL-CLA$c20201231$lBLL01$h1928
=CFI  0\$aBritish Library not licensed to copy$c0$e01-jan-2021$hC$iCFP Excluded$5Uk
=CFI  2\$aPrevious Copyright Fee: GBP20.00$c0$e01-oct-2020$fGBP20.00$g0$hC$5Uk
=FIN  \\$aY
=FMT  \\$a  SE
=LAS  \\$aIPL-CLA$b00$c20201231$lBLL01$h1928
=LEO  \\$aMP22.0000003020
=LEO  \\$aMP25.0000074661
=LKR  \\$aPAR$b007872544$lBLL01$r78000$mProceedings of the Royal Entomological Society of London. Journal of meetings$nProceedings of the Royal Entomological Society of London. Series C. Journal of meetings
=SRC  \\$aISN01$bbibmp22.200404.2.aa
=SRC  \\$aSRI01$bbibmp25.200404.2.aa
=TCO  \\$aCLA$bCLA$c008

