=LDR  02866 as a2200733 a 4500
=001  008210478
=003  Uk
=005  20090804154446.0
=007  ta
=008  751101d19601967cautr1p\\\\\\\0\\\a0eng\\
=010  \\$a99105039$zsc 79003414
=019  0\$as203636007
=022  0\$a0193-5038
=035  \\$a(OCoLC)ocm01781743
=040  \\$aDLC$cMnMULS$dNSDP$dDLC$dCtY$dDLC$dNSDP$dOCoLC$dNST$dMH$dDLC$dNST$dDLC$dDNAL$dDNLM$dOCoLC$dUk
=042  \\$alc$ansdp
=050  00$aHD9000.1$b.S78
=070  0\$a389.8$bF7382
=072  \0$aE130
=072  \0$aQ000
=072  \0$aE700
=084  \\$aDK 90$2blsrissc
=130  0\$aFood Research Institute studies (Stanford, Calif. : 1960)
=222  \0$aFood Research Institute studies$b(1960)
=245  10$aFood Research Institute studies.
=246  30$aStudies
=260  \\$a[Stanford, Calif.] :$bThe Institute,$c1960-1967.
=300  \\$a7 v. :$bill. ;$c26 cm.
=310  \\$aThree no. a year
=336  \\$atext$2rdacontent
=337  \\$aunmediated$2rdamedia
=338  \\$avolume$2rdacarrier
=362  0\$aVol. 1, no. 1 (Feb. 1960)-v. 7, no. 3 (1967).
=525  \\$aSupplements accompany some numbers.
=540  \\$aBritish Library not licensed to copy$c0$5Uk
=555  \\$aCumulative index.
=650  \0$aFood industry and trade$vPeriodicals.
=710  2\$aStanford University.$bFood Research Institute.
=785  00$tFood Research Institute studies in agricultural economics, trade, and development$x0015-6566
=852  49$aBritish Library$bDSC$3See shelfmark 3982.085000 for vol. 1, 1960- 7, 1967 *A=1
=852  71$aBritish Library$bSTI$k(P)$hDK 90$m-E(3)$2blsrissc$31962- ; Vol.3-
=968  \\$aC
=ACF  \\$aBritish Library not licensed to copy$c0$e01-jan-2013$hC$iCFP Excluded$5Uk
=CAT  \\$aCONV$b00$c20040425$lBLL90$h0853
=CAT  \\$aCONV$b00$c20040502$lBLL01$h1244
=CAT  \\$a8201$b40$c20090804$lBLL01$h1544
=CAT  \\$aBATCH$b00$c20091208$lBLL01$h0342
=CAT  \\$aBATCH-CLA$b00$c20121130$lBLL01$h1237
=CAT  \\$aIPL-CLA$c20121231$lBLL01$h1246
=CAT  \\$aIPL-CLA$c20130102$lBLL01$h1648
=CAT  \\$aBATCH-CLA$b00$c20131129$lBLL01$h1653
=CAT  \\$aIPL-CLA$c20131231$lBLL01$h1914
=CAT  \\$aBATCH-CLA$b00$c20140228$lBLL01$h1614
=CAT  \\$aIPL-CLA$c20140331$lBLL01$h1617
=CFI  0\$aBritish Library not licensed to copy$c0$e01-apr-2014$hC$iCFP Excluded$5Uk
=CFI  2\$aBritish Library not licensed to copy$c0$e01-jan-2014$hC$iCFP Excluded$5Uk
=FIN  \\$aY
=FMT  \\$a  SE
=LAS  \\$aIPL-CLA$b00$c20140331$lBLL01$h1617
=LEO  \\$aMP25.0000075745
=LKR  \\$aPAR$b008533393$lBLL01$r78500$mFood Research Institute studies (1960)$nFOOD RESEARCH INSTITUTE STUDIES IN AGRICULTURAL ECONOMICS TRADE AND DEVELOPMENT STANFORD UNIVERSITY.
=SID  \\$aZ39$bLOC
=SRC  \\$aSRI01$bbibmp25.200404.2.aa
=TCO  \\$aTRS$bCCC$c008

