=LDR  03805 as a2200853 a 4500
=001  008211893
=003  Uk
=005  20100331095820.0
=007  ta
=008  831122d19451983sw\ar\p\\\\\\\0\\\b0swe\\
=019  0\$as205980007
=022  0\$a0491-774X
=040  \\$aUk$cUk$dUk
=082  04$a551.505$222
=084  \\$aOP 939(S7)$2blsrissc
=110  2\$aSveriges meteorologiska och hydrologiska institut.
=210  0\$aSver. Meteorol. Hydrol. Inst., Arsb., Del 1
=222  \0$aÅrsbok / Sveriges meteorologiska och hydrologiska institut. Del 1, Månadsöversikt över väderlek och vattentillgång
=245  10$aÅrsbok /$cSveriges metrologiska och hydrologiska institut.$nDel 1,$pMånadsöversikt över väderlek och vattentillgång i Sverige.
=246  30$aMånadsöversikt över väderlek och vattentillgång i Sverige
=246  31$aMonthly and yearly summary of weather and water supply in Sweden
=260  \\$aNorrköping :$bSveriges meteorologiska och hydrologiska institut,$c1945-1984.
=300  \\$av. :$bill. ;$c30 cm.
=310  \\$aAnnual
=336  \\$atext$2rdacontent
=337  \\$aunmediated$2rdamedia
=338  \\$avolume$2rdacarrier
=490  1\$aÅrsbok
=540  \\$aBritish Library not licensed to copy$c0$5Uk
=650  \0$aWater-supply$zSweden$xCharts, diagrams, etc.$vPeriodicals.
=651  \0$aSweden$xClimate$xCharts, diagrams, etc.$vPeriodicals.
=785  00$tVäder och vatten$x0281-9619
=830  \0$aÅrsbok (Sveriges meteorologiska och hydrologiska institut)
=852  49$aBritish Library$bDSC$3See shelfmark 1716.000000
=852  71$aBritish Library$bSTI$k(P)$hOP 939$m(S7) -S(1)$2blsrissc$31960-1980; [Band] 42, 1960 - Band 61, 1979.
=968  \\$bX
=ACF  \\$aBritish Library not licensed to copy$c0$e01-apr-2012$hC$iCLA Excluded$5Uk
=ACF  \\$aBritish Library not licensed to copy$c0$e01-jan-2012$hC$iCLA Excluded$5Uk
=ACF  \\$aBritish Library not licensed to copy$c0$e01-oct-2011$hC$iCLA Excluded$5Uk
=ACF  \\$aBritish Library not licensed to copy$c0$e01-jul-2012$hC$iCLA Excluded$5Uk
=ACF  \\$aBritish Library not licensed to copy$c0$e01-oct-2012$hC$iCFP Excluded$5Uk
=ACF  \\$aBritish Library not licensed to copy$c0$e01-jan-2013$hC$iCFP Excluded$5Uk
=CAT  \\$aCONV$b00$c20040425$lBLL90$h0853
=CAT  \\$aCONV$b00$c20040502$lBLL01$h1244
=CAT  \\$aBATCH$b00$c20091122$lBLL01$h0009
=CAT  \\$a8201$b40$c20100331$lBLL01$h0958
=CAT  \\$aBATCH-CLA$b00$c20110831$lBLL01$h1801
=CAT  \\$aIPL-CLA$c20110930$lBLL01$h1511
=CAT  \\$aBATCH-CLA$b00$c20111130$lBLL01$h1152
=CAT  \\$aIPL-CLA$c20111230$lBLL01$h1721
=CAT  \\$aBATCH-CLA$b00$c20120229$lBLL01$h1556
=CAT  \\$aIPL-CLA$c20120330$lBLL01$h1358
=CAT  \\$aBATCH-CLA$b00$c20120531$lBLL01$h1715
=CAT  \\$aIPL-CLA$c20120629$lBLL01$h0954
=CAT  \\$aBATCH-CLA$b00$c20120831$lBLL01$h1543
=CAT  \\$aIPL-CLA$c20120930$lBLL01$h2010
=CAT  \\$aBATCH-CLA$b00$c20121104$lBLL01$h1037
=CAT  \\$aWR12_128$c20121113$lBLL01$h1830
=CAT  \\$aBATCH-CLA$b00$c20121130$lBLL01$h1238
=CAT  \\$aIPL-CLA$c20121231$lBLL01$h1246
=CAT  \\$aIPL-CLA$c20130102$lBLL01$h1648
=CAT  \\$aBATCH-CLA$b00$c20130228$lBLL01$h1707
=CAT  \\$aIPL-CLA$c20130331$lBLL01$h1043
=CAT  \\$a540_fix$c20130403$lBLL01$h2004
=CAT  \\$aBATCH-CLA$b00$c20130531$lBLL01$h1642
=CAT  \\$aIPL-CLA$c20130701$lBLL01$h0003
=CFI  0\$aBritish Library not licensed to copy$c0$e01-jul-2013$hC$iCFP Excluded$5Uk
=CFI  2\$aBritish Library not licensed to copy$c0$e01-apr-2013$hC$iCFP Excluded$5Uk
=FIN  \\$aY
=FMT  \\$a  SE
=LAS  \\$aIPL-CLA$b00$c20130701$lBLL01$h0003
=LEO  \\$aMP25.0000077251
=SRC  \\$aSRI01$bbibmp25.200404.2.aa
=TCO  \\$aXXX$c008

