=LDR  03521 as a22008417a 4500
=001  008212610
=003  Uk
=005  20201124182704.0
=007  ta
=008  790605d19751978no\fr\p|||\\\||\\\||mul\\
=019  0\$as208615016
=022  0\$a0332-575X
=040  \\$aUk$cUk$dUk
=041  0\$aeng$anor$ager
=082  04$a595.7$223
=084  \\$aFY 00$2blsrissc
=245  00$aNorwegian journal of entomology.
=246  3\$aNorsk entomologisk tidsskrift
=260  \\$aSkillebekk :$bUniversitetsforlaget,$c1975-1978.
=300  \\$c25cm.
=310  \\$aTwice a year
=336  \\$atext$2rdacontent
=337  \\$aunmediated$2rdamedia
=338  \\$avolume$2rdacarrier
=500  \\$aAlso entitled "Norsk entomologisk tidsskrift".
=540  \\$aBritish Library not licensed to copy$c0$5Uk
=546  \\$aPapers in English, Norwegian or German.
=650  \0$aInsects.
=780  00$tNorsk entomologisk tidsskrift$x0029-1897
=785  00$tFauna Norvegica. Ser. B, Norwegian journal of entomology$x0332-7698
=852  49$aBritish Library$bDSC$3See shelfmark 6152.285000 for Volume 22 (1975)-Volume 25 (1978)
=852  71$aBritish Library$bSTI$k(P)$hFY 00$m-S(2)$2blsrissc$31975-1978; Vol.22-25.
=985  \\$aUpgraded by BSS-generated file for WR2011-1473
=ACF  \\$aBritish Library not licensed to copy$c0$e01-apr-2012$hC$iCLA Excluded$5Uk
=ACF  \\$aBritish Library not licensed to copy$c0$e01-jan-2012$hC$iCLA Excluded$5Uk
=ACF  \\$aBritish Library not licensed to copy$c0$e01-oct-2011$hC$iCLA Excluded$5Uk
=ACF  \\$aPrevious copyright fee: GBP10.50$c0$e01-jan-2011$fGBP10.50$g0$hA$5Uk
=ACF  \\$aPrevious Copyright Fee: GBP0.50$c0$e01-oct-2008$fGBP0.50$g0$hC$5Uk
=CAT  \\$aCONV$b00$c20040425$lBLL90$h0853
=CAT  \\$aCONV$b00$c20040502$lBLL01$h1244
=CAT  \\$aglobal_upd$b40$c20060417$lBLL01$h1633
=CAT  \\$a8201$b40$c20070911$lBLL01$h1120
=CAT  \\$aBATCH-CLA$b00$c20080829$lBLL01$h1808
=CAT  \\$aBATCH-CLA$b00$c20080829$lBLL01$h1841
=CAT  \\$aBATCH-UPD$b00$c20080930$lBLL01$h2323
=CAT  \\$aBATCH$b00$c20081001$lBLL01$h0043
=CAT  \\$aBATCH$b00$c20091208$lBLL01$h0342
=CAT  \\$aBATCH-UPD$b00$c20101201$lBLL01$h1214
=CAT  \\$aIPL-CLA$c20101231$lBLL01$h1218
=CAT  \\$aBATCH-CLA$b00$c20110831$lBLL01$h1800
=CAT  \\$aIPL-CLA$c20110930$lBLL01$h1511
=CAT  \\$aBATCH-CLA$b00$c20111130$lBLL01$h1152
=CAT  \\$aIPL-CLA$c20111230$lBLL01$h1721
=CAT  \\$aBATCH-CLA$b00$c20120229$lBLL01$h1600
=CAT  \\$aIPL-CLA$c20120330$lBLL01$h1358
=CAT  \\$aBATCH-CLA$b00$c20120531$lBLL01$h1717
=CAT  \\$aIPL-CLA$c20120629$lBLL01$h0954
=CAT  \\$aBATCH-CLA$b00$c20120831$lBLL01$h1545
=CAT  \\$aIPL-CLA$c20120930$lBLL01$h2010
=CAT  \\$aBATCH-CLA$b00$c20121104$lBLL01$h1037
=CAT  \\$aWR12_128$c20121113$lBLL01$h1830
=CAT  \\$aW1708-0778$c20170905$lBLL01$h1220
=CAT  \\$aW2011-1473$b00$c20201124$lBLL01$h1827
=CFI  0\$aBritish Library not licensed to copy$c0$e01-oct-2012$hC$iCFP Excluded$5Uk
=CFI  2\$aBritish Library not licensed to copy$c0$e01-jul-2012$hC$iCLA Excluded$5Uk
=FIN  \\$aY
=FMT  \\$a  SE
=LAS  \\$aW2011-1473$b00$c20201124$lBLL01$h1827
=LEO  \\$aMP25.0000078067
=LKR  \\$aPAR$b012428513$lBLL01$r78000$mNorwegian journal of entomology.$nNORSK ENTOMOLOGISK TIDSSKRIFT.
=LKR  \\$aPAR$b008212611$lBLL01$r78500$mNorwegian journal of entomology.$nFauna norvegica.
=SRC  \\$aSRI01$bbibmp25.200404.2.aa
=TCO  \\$aXXX$c008

