=LDR  05500cas a2201177 a 4500
=001  008214686
=003  Uk
=005  20221231184343.0
=007  ta
=008  821019d19631986ja\qr\p\\\\\\\0\\\d0mul\\
=019  0\$as214818004
=019  c\$a2154988
=022  0\$a0037-2285
=040  \\$aUk$cUk$dUk
=041  0\$aeng$ajpn
=082  04$a616.043$222
=084  \\$aGU 53$2blsrissc
=222  \0$aSenten ijō
=245  00$aSenten ijō =$bCongenital anomalies.
=246  31$aCongenital anomalies
=246  13$aNihon Senten Ijō Gakkai kaihō
=260  \\$aŌsaka :$bJapanese Teratology Society,$c1963-1986.
=300  \\$a26 v. :$bill. ;$c26 cm.
=310  \\$aQuarterly
=336  \\$atext$2rdacontent
=337  \\$aunmediated$2rdamedia
=338  \\$avolume$2rdacarrier
=362  1\$aBegan in 1963; ceased with v. 26, no. 4, published in 1986.
=540  \\$aCurrent Copyright Fee: GBP25.00$c0$5Uk
=546  \\$aIn Japanese or English.
=550  \\$aOfficial journal of the Japanese Teratology Society (called 19 -1980, Congenital Anomalies Research Association of Japan).
=650  \0$aAbnormalities, Human$vPeriodicals.
=650  \0$aMedical genetics$vPeriodicals.
=710  2\$aNihon Senten Ijō Gakkai.
=785  00$tCongenital anomalies$x0914-3505
=852  49$aBritish Library$bDSC$3See shelfmark 3410.683000 for vol. 11 (1971)-v. 49, no. 4 (2009)
=852  71$aBritish Library$bSTI$k(P)$hGU 53$m-X(1)$2blsrissc$31963-1986 ; Vol.3-26
=985  \\$aRecord merged by DQ team
=985  \\$aUpgraded by BSS-generated file for WR2011-1473
=ACF  \\$aPrevious Copyright Fee: GBP32.14$c0$e01-jul-2009$fGBP32.14$g0$hC$5Uk
=ACF  \\$aPrevious Copyright Fee: GBP32.14$c0$e01-apr-2009$fGBP32.14$g0$hC$5Uk
=ACF  \\$aPrevious Copyright Fee: GBP28.13$c0$e01-jan-2009$fGBP28.13$g0$hC$5Uk
=ACF  \\$aPrevious Copyright Fee: GBP22.50$c0$e01-oct-2008$fGBP22.50$g0$hC$5Uk
=ACF  \\$aPrevious Copyright Fee: GBP22.50$c0$e01-jul-2008$fGBP22.50$g0$hC$5Uk
=ACF  \\$aPrevious Copyright Fee: GBP22.50$c0$e01-apr-2008$fGBP22.50$g0$hC$5Uk
=ACF  \\$aPrevious Copyright Fee: GBP22.50$c0$e01-jan-2008$fGBP22.50$g0$hC$5Uk
=ACF  \\$aPrevious Copyright Fee: GBP22.50$c0$e01-oct-2007$fGBP22.50$g0$hC$5Uk
=ACF  \\$aPrevious Copyright Fee: GBP22.50$c0$e01-jul-2007$fGBP22.50$g0$hC$5Uk
=ACF  \\$aPrevious Copyright Fee: GBP23.08$c0$e01-apr-2007$fGBP23.08$g0$hC$5Uk
=ACF  \\$aPrevious Copyright Fee: GBP24.32$c0$e01-jan-2007$fGBP24.32$g0$hC$5Uk
=ACF  \\$aPrevious Copyright Fee: GBP24.32$c0$e01-oct-2006$fGBP24.32$g0$hC$5Uk
=ACF  \\$aPrevious Copyright Fee: GBP25.71$c0$e01-jul-2006$fGBP25.71$g0$hC$5Uk
=ACF  \\$aPrevious Copyright Fee: GBP25.71$c0$e01-apr-2006$fGBP25.71$g0$hC$5Uk
=ACF  \\$aPrevious Copyright Fee: GBP17.22$c0$e01-jan-2006$fGBP17.22$g0$hC$5Uk
=ACF  \\$aPrevious Copyright Fee: GBP16.76$c0$e01-oct-2005$fGBP16.76$g0$hC$5Uk
=ACF  \\$aPrevious Copyright Fee: GBP16.76$c0$e01-jul-2005$fGBP16.76$g0$hC$5Uk
=ACF  \\$aPrevious Copyright Fee: GBP16.76$c0$e01-apr-2005$fGBP16.76$g0$hC$5Uk
=ACF  \\$aPrevious Copyright Fee: GBP4.00$c0$e01-jan-2005$fGBP4.00$g0$hC$5Uk
=ACF  \\$aPrevious Copyright Fee: GBP3.89$c0$e01-oct-2004$fGBP3.89$g0$hC$5Uk
=ACF  \\$aPrevious copyright fee: GBP10.50$c0$e01-jan-2011$fGBP10.50$g0$hA$5Uk
=ACF  \\$aPrevious copyright fee: GBP12.00$c0$e01-jan-2012$fGBP12.00$g0$hA$5Uk
=ACF  \\$aPrevious Copyright Fee: GBP12.30$c0$e01-jan-2014$fGBP12.30$g0$hA$5Uk
=ACF  \\$aPrevious Copyright Fee: GBP15.00$c0$e01-jan-2017$fGBP15.00$g0$hA$5Uk
=ACF  \\$aPrevious Copyright Fee: GBP17.50$c0$e01-jan-2018$fGBP17.50$g0$hA$5Uk
=ACF  \\$aPrevious Copyright Fee: GBP20.00$c0$e01-jan-2020$fGBP20.00$g0$hA$5Uk
=CAT  \\$aCONV$b00$c20040425$lBLL90$h0853
=CAT  \\$aBATCH-CLA$b00$c20090529$lBLL01$h1713
=CAT  \\$aBATCH-UPD$b00$c20090701$lBLL01$h1944
=CAT  \\$aBATCH-UPD$b00$c20090701$lBLL01$h2026
=CAT  \\$aBATCH$b00$c20090701$lBLL01$h2048
=CAT  \\$aBATCH$b00$c20091122$lBLL01$h0010
=CAT  \\$aBATCH-UPD$b00$c20101201$lBLL01$h1214
=CAT  \\$aIPL-CLA$c20101231$lBLL01$h1218
=CAT  \\$a8201$b40$c20110329$lBLL01$h1656
=CAT  \\$aWR11_203$c20111204$lBLL01$h1308
=CAT  \\$aIPL-CLA$c20111230$lBLL01$h1721
=CAT  \\$aBATCH-CLA$b00$c20121104$lBLL01$h1037
=CAT  \\$aBATCH-CLA$c20131217$lBLL01$h0131
=CAT  \\$aIPL-CLA$c20131231$lBLL01$h1914
=CAT  \\$aBATCH-CLA$b00$c20161222$lBLL01$h1703
=CAT  \\$aIPL-CLA$c20161230$lBLL01$h1827
=CAT  \\$aBATCH-CLA$b00$c20171222$lBLL01$h1959
=CAT  \\$aIPL-CLA$c20171231$lBLL01$h1402
=CAT  \\$aBATCH-CLA$b00$c20191219$lBLL01$h1628
=CAT  \\$aIPL-CLA$c20191231$lBLL01$h1730
=CAT  \\$aR2001-1524$c20200127$lBLL01$h1927
=CAT  \\$aW2011-1473$b00$c20201124$lBLL01$h1827
=CAT  \\$aBATCH-CLA$b00$c20201204$lBLL01$h1424
=CAT  \\$aIPL-CLA$c20201231$lBLL01$h1928
=CAT  \\$aBATCH-CLA$b00$c20221221$lBLL01$h1728
=CAT  \\$aIPL-CLA$c20221231$lBLL01$h1843
=CFI  0\$aCurrent Copyright Fee: GBP25.00$c0$e01-jan-2023$fGBP25.00$g0$hA$5Uk
=CFI  2\$aPrevious Copyright Fee: GBP22.50$c0$e01-jan-2021$fGBP22.50$g0$hA$5Uk
=FIN  \\$aY
=FMT  \\$a  SE
=LAS  \\$aIPL-CLA$b00$c20221231$lBLL01$h1843
=LEO  \\$aMP10.0000530463
=LEO  \\$aMP25.0000080318
=SRC  \\$aDSS01$bbibmp10.200404.2.aa
=SRC  \\$aSRI01$bbibmp25.200404.2.aa
=TCO  \\$aJPN$bJAACC$c008

