=LDR  02112cam a2200637 u 4500
=001  008382610
=003  Uk
=005  20230331161417.0
=008  021030s2005\\\\enka\\\\\b\\\\001\0\eng\\
=015  \\$aGBA2U2106$2bnb
=016  7\$a008382610$2Uk
=019  y\$abA2U2106
=019  9\$a0750307528
=019  g\$aadv5004054959
=019  a\$aG07697571
=020  \\$a0750307528 (pbk.) :$c£29.99
=039  0\$a2716
=040  \\$aStDuBDS$dUk
=042  \\$aukblsr
=082  04$a530.14$222
=100  10$aLautrup, Benny.
=245  10$aPhysics of continuous matter :$bexotic and everyday phenomena in the macroscopic world /$cB. Lautrup.
=260  \\$aBristol :$bInstitute of Physics,$c2005.
=300  \\$axiv, 608 p. :$bill. ;$c27 cm.
=336  \\$atext$2rdacontent
=337  \\$aunmediated$2rdamedia
=338  \\$avolume$2rdacarrier
=500  \\$aFormerly CIP.$5Uk
=504  \\$aIncludes bibliographical references and index.
=540  \\$aCurrent Copyright Fee: GBP34.00$c0$5Uk
=650  \0$aField theory (Physics)
=852  11$aBritish Library$bSTI$k(B)$h530.14
=852  41$aBritish Library$bDSC
=966  \\$uo$lACQUIS 03/10/2002
=CAT  \\$aCONV$b00$c20040425$lBLL90$h0536
=CAT  \\$aCONV$b00$c20040502$lBLL01$h1251
=CAT  \\$a9523$b40$c20050117$lBLL01$h1454
=CAT  \\$a9523$b40$c20050117$lBLL01$h1458
=CAT  \\$a10938$b40$c20050119$lBLL01$h1126
=CAT  \\$a10938$b40$c20050121$lBLL01$h0922
=CAT  \\$aglobal_upd$b40$c20060417$lBLL01$h0615
=CAT  \\$aBATCH$b00$c20091209$lBLL01$h0121
=CAT  \\$aWR16_021$c20160609$lBLL01$h1948
=CAT  \\$aBATCH-UPD$b00$c20160609$lBLL01$h2053
=CAT  \\$aBATCH-CLAB$c20230324$lBLL01$h1310
=CAT  \\$aIPL-CLA$c20230331$lBLL01$h1614
=CFI  0\$aCurrent Copyright Fee: GBP34.00$c0$e01-apr-2023$fGBP34.00$g0$hC$5Uk
=FIN  \\$aY$d20050121
=FMT  \\$a  BK
=LAS  \\$aIPL-CLA$b00$c20230331$lBLL01$h1614
=LDO  \\$aCIP
=LEO  \\$aMP8.0001821532
=LEO  \\$aMP5.0000234584
=SRC  \\$aDSC01$bbibmp8.200404.2.ac
=SRC  \\$aLDS01$bbiblm.200404.2.aa
=SRC  \\$aBNB03$bbibmp5.200404.2.aa

