=LDR  05962 as a2201273 a 4500
=001  008413196
=003  Uk
=005  20110930131250.0
=007  ta
=008  920709d19921992enkqr\p\\\\\\\0\\\a0eng\\
=015  \\$aGB9228903$2bnb
=019  y\$ab9228903
=019  9\$ab9228903
=019  c\$a2461014
=019  0\$as58413200x
=039  0\$a2198
=040  \\$aUk$cUk$dUk
=082  04$a330.962055$220
=084  \\$aAN 00(EGY)$2blsrissc
=245  00$aGlobal forecasting service.$pEgypt.
=260  \\$aLondon :$bEconomist Intelligence Unit,$c1992.
=300  \\$av. ;$c30 cm.
=310  \\$aQuarterly. - Two main reports and two updaters per year
=336  \\$atext$2rdacontent
=337  \\$aunmediated$2rdamedia
=338  \\$avolume$2rdacarrier
=362  0\$a1992.
=500  \\$aCover title.
=500  \\$aDescription based on: Main report, first quarter 1992.
=500  \\$aTwo main reports and two updaters per year.
=540  \\$aCurrent Copyright Fee: GBP72.00$c0$5Uk
=595  \\$aCONTD AS 3481.690088N SEE ALSO 4195.402N FOR CUL HOLDINGS SEE ALSO SERIAL RECORDS SHIRL AND OLIS.
=651  \0$aEgypt$xEconomic conditions.
=690  7\$aManagement and Business Studies$2blcoll
=710  2\$aEconomist Intelligence Unit (Great Britain)
=785  00$tCountry forecast. Egypt$x0966-9507
=852  71$aBritish Library$bSTI$cRES$k(P)$hAN 00$m(EGY) -E(2)$2blsrissc$31992
=852  41$aBritish Library$bSTI$3ALL STOCK TRANSFERRED TO RS&CD
=945  \\$aGLOBAL FORECASTING SERVICE -EGYPT-.
=979  \\$aBritish Library$bDSC$j4195.402720N
=985  \\$aRecord merged by DQ team
=ACF  \\$aPrevious Copyright Fee: GBP72.00$c0$e01-apr-2011$fGBP72.00$g0$hC$5Uk
=ACF  \\$aPrevious Copyright Fee: GBP72.00$c0$e01-jan-2011$fGBP72.00$g0$hC$5Uk
=ACF  \\$aPrevious Copyright Fee: GBP72.00$c0$e01-oct-2010$fGBP72.00$g0$hC$5Uk
=ACF  \\$aPrevious Copyright Fee: GBP28.00$c0$e01-jul-2010$fGBP28.00$g0$hC$5Uk
=ACF  \\$aPrevious Copyright Fee: GBP28.00$c0$e01-apr-2010$fGBP28.00$g0$hC$5Uk
=ACF  \\$aPrevious Copyright Fee: GBP28.00$c0$e01-Jan-2010$fGBP28.00$g0$hC$5Uk
=ACF  \\$aPrevious Copyright Fee: GBP28.00$c0$e01-oct-2009$fGBP28.00$g0$hC$5Uk
=ACF  \\$aPrevious Copyright Fee: GBP28.00$c0$e01-jul-2009$fGBP28.00$g0$hC$5Uk
=ACF  \\$aPrevious Copyright Fee: GBP28.00$c0$e01-apr-2009$fGBP28.00$g0$hC$5Uk
=ACF  \\$aPrevious Copyright Fee: GBP28.00$c0$e01-jan-2009$fGBP28.00$g0$hC$5Uk
=ACF  \\$aPrevious Copyright Fee: GBP28.00$c0$e01-oct-2008$fGBP28.00$g0$hC$5Uk
=ACF  \\$aPrevious Copyright Fee: GBP28.00$c0$e01-jul-2008$fGBP28.00$g0$hC$5Uk
=ACF  \\$aPrevious Copyright Fee: GBP28.00$c0$e01-apr-2008$fGBP28.00$g0$hC$5Uk
=ACF  \\$aPrevious Copyright Fee: GBP28.00$c0$e01-jan-2008$fGBP28.00$g0$hC$5Uk
=ACF  \\$aPrevious Copyright Fee: GBP28.00$c0$e01-oct-2007$fGBP28.00$g0$hC$5Uk
=ACF  \\$aPrevious Copyright Fee: GBP28.00$c0$e01-jul-2007$fGBP28.00$g0$hC$5Uk
=ACF  \\$aPrevious Copyright Fee: GBP28.00$c0$e01-apr-2007$fGBP28.00$g0$hC$5Uk
=ACF  \\$aPrevious Copyright Fee: GBP28.00$c0$e01-jan-2007$fGBP28.00$g0$hC$5Uk
=ACF  \\$aPrevious Copyright Fee: GBP28.00$c0$e01-oct-2006$fGBP28.00$g0$hC$5Uk
=ACF  \\$aPrevious Copyright Fee: GBP28.00$c0$e01-jul-2006$fGBP28.00$g0$hC$5Uk
=ACF  \\$aPrevious Copyright Fee: GBP28.00$c0$e01-apr-2006$fGBP28.00$g0$hC$5Uk
=ACF  \\$aPrevious Copyright Fee: GBP28.00$c0$e01-jan-2006$fGBP28.00$g0$hC$5Uk
=ACF  \\$aPrevious Copyright Fee: GBP28.00$c0$e01-oct-2005$fGBP28.00$g0$hC$5Uk
=ACF  \\$aPrevious Copyright Fee: GBP28.00$c0$e01-jul-2005$fGBP28.00$g0$hC$5Uk
=ACF  \\$aPrevious Copyright Fee: GBP28.00$c0$e01-apr-2005$fGBP28.00$g0$hC$5Uk
=ACF  \\$aPrevious Copyright Fee: GBP28.00$c0$e01-jan-2005$fGBP28.00$g0$hC$5Uk
=ACF  \\$aPrevious Copyright Fee: GBP28.00$c0$e01-oct-2004$fGBP28.00$g0$hC$5Uk
=ACF  \\$aBritish Library not licensed to copy$c0$e01-jul-2003$g0$hC$iCLA-excluded$5Uk
=ACF  \\$aCurrent copyright fee: GBP5.00$c0$e01-jul-2002$fGBP5.00$g0$hC$5Uk
=ACF  \\$aCurrent copyright fee: GBP4.40$c0$e01-jul-1998$fGBP4.40$g0$hA$5Uk
=CAT  \\$aCONV$b00$c20040425$lBLL90$h0554
=CAT  \\$aBATCH-UPD$b00$c20091231$lBLL01$h1818
=CAT  \\$aBATCH$b00$c20091231$lBLL01$h1837
=CAT  \\$aBATCH-CLA$b00$c20100224$lBLL01$h1211
=CAT  \\$aBATCH-UPD$b00$c20100331$lBLL01$h2104
=CAT  \\$aBATCH-UPD$b00$c20100401$lBLL01$h0043
=CAT  \\$aBATCH$b00$c20100401$lBLL01$h0352
=CAT  \\$aBATCH$b00$c20100401$lBLL01$h1357
=CAT  \\$aBATCH-CLA$b00$c20100602$lBLL01$h1417
=CAT  \\$aBATCH-UPD$b00$c20100630$lBLL01$h1908
=CAT  \\$aBATCH-UPD$b00$c20100630$lBLL01$h1946
=CAT  \\$aIPL-CLA$c20100630$lBLL01$h2012
=CAT  \\$aBATCH-CLA$b00$c20100831$lBLL01$h1537
=CAT  \\$aIPL-CLA$c20100930$lBLL01$h1453
=CAT  \\$aBATCH-CLA$b00$c20101115$lBLL01$h1613
=CAT  \\$aIPL-CLA$c20101231$lBLL01$h1218
=CAT  \\$aBATCH-CLA$b00$c20110228$lBLL01$h1548
=CAT  \\$aIPL-CLA$c20110331$lBLL01$h1432
=CAT  \\$aBATCH-CLA$b00$c20110531$lBLL01$h1650
=CAT  \\$aIPL-CLA$c20110630$lBLL01$h1513
=CAT  \\$aBATCH-CLA$b00$c20110831$lBLL01$h1806
=CAT  \\$a10806$b40$c20110930$lBLL01$h1312
=CAT  \\$aIPL-CLA$c20110930$lBLL01$h1511
=CAT  \\$aBATCH-CLA$b00$c20121104$lBLL01$h1036
=CAT  \\$aWR13.005$c20130323$lBLL01$h1311
=CAT  \\$aWR14_140$c20140905$lBLL01$h1727
=CFI  0\$aCurrent Copyright Fee: GBP72.00$c0$e01-oct-2011$fGBP72.00$g0$hC$5Uk
=CFI  2\$aPrevious Copyright Fee: GBP72.00$c0$e01-jul-2011$fGBP72.00$g0$hC$5Uk
=FIN  \\$aY
=FMT  \\$a  SE
=LAS  \\$aWR14_140$b00$c20140905$lBLL01$h1727
=LEO  \\$aMP10.0000249796
=LEO  \\$aMP5.0000800738
=LEO  \\$aMP25.0000275134
=SRC  \\$aDSS01$bbibmp10.200404.2.aa
=SRC  \\$aBNB03$bbibmp5.200404.2.ab
=SRC  \\$aSRI01$bbibmp25.200404.2.aa
=TCO  \\$aCLA$bCLA$c008

