=LDR  03949cas a22009617a 4500
=001  008416974
=003  Uk
=005  20230210004605.0
=007  ta
=008  931013d19911995enkar\\\\\\\\\0\\\a0eng\\
=015  \\$aGB9346145$2bnb
=019  y\$ab9346145
=019  9\$ab9346145
=022  0\$a1351-4458$202
=039  0\$a2256
=040  \\$aUk$cUk$dUk
=042  \\$aissnuk
=082  04$a332.6322$220
=210  0\$aExtel Financ. annu. regist. serv. suppl.
=222  \0$aExtel Financial annual registrars service supplement
=245  04$aThe Extel Financial annual registrars service supplement.
=246  30$aAnnual registrars service supplement
=246  1\$aExtel ... annual registrars service supplement,$f1991
=260  \\$aLondon :$bExtel Financial,$c[1991]-1995.
=300  \\$av.
=336  \\$atext$2rdacontent
=337  \\$aunmediated$2rdamedia
=338  \\$avolume$2rdacarrier
=362  0\$aJuly 1993-
=540  \\$aCurrent Copyright Fee: GBP25.00$c0$5Uk
=653  1\$aSecurities markets
=690  7\$aManagement and Business Studies$2blcoll
=710  2\$aExtel Financial Limited.
=772  0\$tExtel Financial annual registrars service$x1351-444X
=785  00$tAnnual registrars service supplement (1996)$x1361-7850
=852  41$aBritish Library$bHMNTS
=852  71$aBritish Library$bSTI$cRES$k(XP)$hAA 658$m-E(248)$2blsrissc$3JULY 1991-JULY1995***Earlier issues
=985  \\$aCorrected by BSS-generated file
=ACF  \\$aPrevious Copyright Fee: GBP12.30$c0$e01-jul-2016$fGBP12.30$g0$hC$5Uk
=ACF  \\$aPrevious Copyright Fee: GBP15.00$c0$e01-jan-2017$fGBP15.00$g0$hC$5Uk
=ACF  \\$aPrevious Copyright Fee: GBP17.50$c0$e01-jan-2018$fGBP17.50$g0$hC$5Uk
=ACF  \\$aPrevious Copyright Fee: GBP20.00$c0$e01-jan-2020$fGBP20.00$g0$hC$5Uk
=ACF  \\$aPrevious Copyright Fee: GBP22.50$c0$e01-jan-2021$fGBP22.50$g0$hC$5Uk
=CAT  \\$aCONV$b00$c20040502$lBLL01$h1253
=CAT  \\$aglobal_upd$b40$c20060417$lBLL01$h1635
=CAT  \\$aB-BSS-DEL$b00$c20080507$lBLL01$h1608
=CAT  \\$aB-BSS-ADD$b00$c20080507$lBLL01$h1609
=CAT  \\$aWR09-126
=CAT  \\$aBATCH-UPD$b00$c20090904$lBLL01$h1712
=CAT  \\$aBATCH$b00$c20091122$lBLL01$h0035
=CAT  \\$aWR14_140$c20140905$lBLL01$h1728
=CAT  \\$aBATCH-CLA$b00$c20160531$lBLL01$h1619
=CAT  \\$aIPL-CLA$c20160630$lBLL01$h1604
=CAT  \\$aBATCH-CLA$b00$c20161130$lBLL01$h1637
=CAT  \\$aIPL-CLA$c20161230$lBLL01$h1828
=CAT  \\$aBATCH-CLA$b00$c20171130$lBLL01$h1653
=CAT  \\$aIPL-CLA$c20171231$lBLL01$h1404
=CAT  \\$a8124$b40$c20181011$lBLL01$h0846
=CAT  \\$a8124$b40$c20181011$lBLL01$h0847
=CAT  \\$a8124$b40$c20181011$lBLL01$h0849
=CAT  \\$a8124$b40$c20181011$lBLL01$h0945
=CAT  \\$a8124$b40$c20181011$lBLL01$h1000
=CAT  \\$aBATCH-CLA$b00$c20191129$lBLL01$h1628
=CAT  \\$aBATCH-MBS$c20191206$lBLL01$h2142
=CAT  \\$aIPL-CLA$c20191231$lBLL01$h1732
=CAT  \\$aBATCH-CLA$b00$c20201126$lBLL01$h1414
=CAT  \\$aIPL-CLA$c20201231$lBLL01$h1930
=CAT  \\$aBATCH-CLA$b00$c20221130$lBLL01$h1452
=CAT  \\$aIPL-CLA$c20221231$lBLL01$h1845
=CAT  \\$aBATCH-CLA$b00$c20230209$lBLL01$h1539
=CAT  \\$aIPL-CLA$c20230210$lBLL01$h0046
=CFI  0\$aCurrent Copyright Fee: GBP25.00$c0$e09-feb-2023$fGBP25.00$g0$hC$5Uk
=CFI  2\$aBritish Library not licensed to copy$c0$e01-jan-2023$hC$iCFP Excluded$5Uk
=FIN  \\$aY
=FMT  \\$a  SE
=LAS  \\$aIPL-CLA$b00$c20230210$lBLL01$h0046
=LEO  \\$aMP5.0000811435
=LEO  \\$aMP22.0000041674
=LKR  \\$aPAR$b008416973$lBLL01$nExtel Financial annual registrars service$mExtel Financial annual registrars service supplement$r772
=LKR  \\$aPAR$b011452218$lBLL01$r78500$mThe Extel Financial annual registrars service supplement.$nAnnual registrars service supplement
=SRC  \\$aBNB03$bbibmp5.200404.2.ab
=SRC  \\$aISN01$bbibmp22.200404.2.aa
=TCO  \\$aCLA$bCLA$c008

