=LDR  04117cas a2200973 a 4500
=001  008526196
=003  Uk
=005  20221231184905.0
=007  ta
=008  040409c19uu9999enktr\p\\\\\\\0\\\a0eng\\
=019  c\$a2504633
=040  \\$aUk$cUk$dUk
=082  04$a658.045$222
=084  \\$aAL 76$2blsrissc
=130  0\$aFamily business (London, England)
=245  00$aFamily business.
=260  \\$aLondon :$bStoy Hayward.
=300  \\$av. ;$c30 cm.
=336  \\$atext$2rdacontent
=337  \\$aunmediated$2rdamedia
=338  \\$avolume$2rdacarrier
=540  \\$aCurrent Copyright Fee: GBP25.00$c0$5Uk
=595  \\$aSEE ALSO CARD INDEX.
=650  \0$aFamily-owned business enterprises$vPeriodicals.
=690  7\$aManagement and Business Studies$2blcoll
=710  2\$aStoy Hayward & Co.
=710  2\$aBDO Stoy Hayward (Firm)
=852  11$aBritish Library$bSTI$cBIPC$k(P)$h658.045$m-E(1) Business$3(2004:Spring)***Last 4 years
=852  41$aBritish Library$bSTI
=945  \\$aFAMILY BUSINESS.
=979  \\$aBritish Library$bDSC$j3865.559210N$xNot selected
=985  \\$aRecord merged by DQ team
=A02  \\$a2504633
=ACF  \\$aBritish Library not licensed to copy$c0$e01-jan-2006$hC$iCLA Excluded$5Uk
=ACF  \\$aBritish Library not licensed to copy$c0$e01-oct-2005$hC$iCLA Excluded$5Uk
=ACF  \\$aBritish Library not licensed to copy$c0$e01-jul-2005$hC$iCLA Excluded$5Uk
=ACF  \\$aBritish Library not licensed to copy$c0$e01-apr-2005$hC$iCLA Excluded$5Uk
=ACF  \\$aBritish Library not licensed to copy$c0$e01-jan-2005$hC$iCLA Excluded$5Uk
=ACF  \\$aBritish Library not licensed to copy$c0$e01-oct-2004$hC$iCLA Excluded$5Uk
=ACF  \\$aBritish Library not licensed to copy$c0$e01-jul-2003$g0$hC$iCLA-excluded$5Uk
=ACF  \\$aCurrent copyright fee: GBP5.00$c0$e01-jul-2002$fGBP5.00$g0$hA$5Uk
=ACF  \\$aCurrent copyright fee: GBP4.40$c0$e01-jul-1998$fGBP4.40$g0$hA$5Uk
=ACF  \\$aPrevious copyright fee: GBP10.50$c0$e01-jan-2011$fGBP10.50$g0$hA$5Uk
=ACF  \\$aPrevious copyright fee: GBP12.00$c0$e01-jan-2012$fGBP12.00$g0$hA$5Uk
=ACF  \\$aPrevious Copyright Fee: GBP12.30$c0$e01-jan-2014$fGBP12.30$g0$hA$5Uk
=ACF  \\$aPrevious Copyright Fee: GBP15.00$c0$e01-jan-2017$fGBP15.00$g0$hA$5Uk
=ACF  \\$aPrevious Copyright Fee: GBP17.50$c0$e01-jan-2018$fGBP17.50$g0$hA$5Uk
=ACF  \\$aPrevious Copyright Fee: GBP20.00$c0$e01-jan-2020$fGBP20.00$g0$hA$5Uk
=CAT  \\$aCONV$b00$c20040425$lBLL90$h0703
=CAT  \\$c20051230$lBLL01$h1919
=CAT  \\$c20051230$lBLL01$h2051
=CAT  \\$c20051230$lBLL01$h2225
=CAT  \\$a8483$b40$c20070621$lBLL01$h1117
=CAT  \\$aBATCH$b00$c20090527$lBLL01$h1803
=CAT  \\$aWR-09059$b40$c20090927$lBLL01$h1640
=CAT  \\$aBATCH-UPD$b40$c20101201$lBLL01$h1216
=CAT  \\$aIPL-CLA$c20101231$lBLL01$h1223
=CAT  \\$aWR11_203$c20111204$lBLL01$h1311
=CAT  \\$aIPL-CLA$c20111230$lBLL01$h1726
=CAT  \\$aBATCH-CLA$b00$c20121104$lBLL01$h1032
=CAT  \\$aWR13.005$c20130323$lBLL01$h1322
=CAT  \\$aBATCH-CLA$c20131217$lBLL01$h0136
=CAT  \\$aIPL-CLA$c20131231$lBLL01$h1921
=CAT  \\$aBATCH-CLA$b00$c20161222$lBLL01$h1705
=CAT  \\$aIPL-CLA$c20161230$lBLL01$h1832
=CAT  \\$aBATCH-CLA$b00$c20171222$lBLL01$h2002
=CAT  \\$aIPL-CLA$c20171231$lBLL01$h1407
=CAT  \\$aBATCH-CLA$b00$c20191219$lBLL01$h1630
=CAT  \\$aIPL-CLA$c20191231$lBLL01$h1734
=CAT  \\$aR2001-1524$c20200127$lBLL01$h1928
=CAT  \\$aBATCH-CLA$b00$c20201204$lBLL01$h1426
=CAT  \\$aIPL-CLA$c20201231$lBLL01$h1933
=CAT  \\$aBATCH-CLA$b00$c20221221$lBLL01$h1731
=CAT  \\$aIPL-CLA$c20221231$lBLL01$h1849
=CFI  0\$aCurrent Copyright Fee: GBP25.00$c0$e01-jan-2023$fGBP25.00$g0$hA$5Uk
=CFI  2\$aPrevious Copyright Fee: GBP22.50$c0$e01-jan-2021$fGBP22.50$g0$hA$5Uk
=FIN  \\$aY
=FMT  \\$a  SE
=LAS  \\$aIPL-CLA$b00$c20221231$lBLL01$h1849
=LEO  \\$aMP10.0000225048
=LEO  \\$aMP25.0000296312
=SRC  \\$aSRI01$bbibmp25.200404.2.aa
=SRC  \\$aDSS01$bbibmp10.200404.2.aa
=TCO  \\$aCLA$bCLA$c008

