=LDR  01301 am a2200421ua 4500
=001  008813955
=003  Uk
=005  20091122091600.0
=008  980915s1998\\\\wlkach\||\\\\\001\||eng\\
=015  \\$aGB9866337$2bnb
=019  y\$ab9866337
=019  9\$a0950518859
=019  1\$a0950518859
=020  \\$a0950518859 (pbk) :$c£15.00
=039  0\$a2509
=040  \\$aStDuBDS$dUk
=082  04$a781.64$221
=100  1\$aDewe, Michael,$d1940-
=245  14$aThe skiffle craze /$cMike Dewe ; foreword by Chris Barber.
=260  \\$aAberystwyth :$bPlanet,$c1998.
=300  \\$avi,268p. :$bill., facsims., ports. ;$c25cm.
=336  \\$atext$2rdacontent
=337  \\$aunmediated$2rdamedia
=338  \\$avolume$2rdacarrier
=500  \\$aBibliography: p235-238. - Includes index.
=650  \0$aPopular music$y1951-1960$xHistory and criticism.
=852  41$aBritish Library$bDSC
=852  11$aBritish Library$bHMNTS$cSPHOA$kHUS$h789.4009
=CAT  \\$aCONV$b00$c20040425$lBLL90$h0828
=CAT  \\$aCONV$b00$c20040502$lBLL01$h1304
=CAT  \\$aBATCH$b00$c20091122$lBLL01$h0916
=FIN  \\$aY
=FMT  \\$a  BK
=LAS  \\$aBATCH$b00$c20091122$lBLL01$h0916
=LEO  \\$aMP5.0001771644
=LEO  \\$aMP13.0002248374
=SRC  \\$aBNB03$bbibmp5.200404.2.ad
=SRC  \\$aHSS01$bbibmp13.200404.2.ad

