=LDR  01538 am a2200445 a 4500
=001  008877481
=003  Uk
=005  20070213111726.0
=008  040422m19929999xxc\\\\\\k\\\\001\0\eng\\
=015  \\$aGBA703697$2bnb
=019  s\$aoans00262
=020  \\$c(pbk.)
=040  \\$aUk$cUk
=042  \\$aukblsr
=082  04$a781.650922$222
=100  1\$aLord, Tom.
=245  14$aThe jazz discography /$cTom Lord.
=260  \\$aWest Vancouver :$bLord Music Reference,$c1992-
=300  \\$av. :$avarious pagings ;$c23 cm.
=336  \\$atext$2rdacontent
=337  \\$aunmediated$2rdamedia
=338  \\$avolume$2rdacarrier
=500  \\$aPublished in association with Cadence Jazz Books, Redwood.
=505  1\$av. 29. Tune index, pt. 1. O to The happy ones -- v. 30. Tune index, pt. 2. Happy Organ to Pentatitus -- v. 31. Tune index, pt. 3. Pentatonia to ZZ's blues
=650  \0$aJazz musicians$vDiscography.
=852  41$aBritish Library$bHMNTS
=852  41$aBritish Library$bHMNTS$ivol. 29
=852  41$aBritish Library$bHMNTS$ivol. 30
=852  41$aBritish Library$bHMNTS$ivol. 31
=852  11$aBritish Library$bHMNTS$cSPHOA$kHUS$h789.500166
=CAT  \\$aCONV$b00$c20040425$lBLL90$h0846
=CAT  \\$aCONV$b00$c20040502$lBLL01$h1307
=CAT  \\$a8874$b40$c20050517$lBLL01$h1202
=CAT  \\$a11250$b40$c20070115$lBLL01$h1614
=CAT  \\$a11250$b40$c20070213$lBLL01$h1117
=FIN  \\$aY
=FMT  \\$a  BK
=LAS  \\$a11250$b40$c20070213$lBLL01$h1117
=LEO  \\$aMP37.0000002597
=SRC  \\$aSPH01$bbibmp37h.200404.2.aa

