=LDR  01485 am a2200445ua 4500
=001  008880091
=003  Uk
=005  20091122094400.0
=008  990819s1998\\\\xxua\\\||\\\\\001\||eng\\
=010  \\$a98046827
=019  1\$abld00A8594
=019  s\$aoabl01026
=020  \\$a0931828430 (pbk) :$cNo price
=040  \\$aDLC$cDLC$dUk
=082  04$a025.324$221
=245  00$aEncoded Archival Description :$bcontext, theory, and case studies /$cedited by Jackie M. Dooley.
=260  \\$aChicago :$bSociety of American Archivists,$c1998.
=300  \\$a178p. :$bill. ;$c26cm.
=336  \\$atext$2rdacontent
=337  \\$aunmediated$2rdamedia
=338  \\$avolume$2rdacarrier
=500  \\$aPublished also as v. 60, no. 3-4 of the American archivist.
=504  \\$aIncludes bibliographical references and index.
=650  \0$aEncoded Archival Description (Document type definition)
=700  1\$aDooley, Jackie M.
=730  0\$aAmerican archivist.
=852  11$aBritish Library$bHMNTS$cSPHOA$kHUR$h025.324
=852  41$aBritish Library$bOC
=957  \\$a990811p
=957  \\$r13/12/1999
=AQN  \\$aE50 Staff ref: Penny Brook (non-collection)
=CAT  \\$aCONV$b00$c20040425$lBLL90$h0847
=CAT  \\$aCONV$b00$c20040502$lBLL01$h1307
=CAT  \\$aBATCH$b00$c20091122$lBLL01$h0944
=FIN  \\$aY
=FMT  \\$a  BK
=LAS  \\$aBATCH$b00$c20091122$lBLL01$h0944
=LEO  \\$aMP13.0000027168
=SRC  \\$aHSS01$bbibmp13.200404.2.aa
=SRC  \\$aMOP02$bbibm2.200404.2.aa

