=LDR  01307 am a2200409ua 4500
=001  008880451
=003  Uk
=005  20201124183150.0
=008  010326s2000\\\\bl\\\\\||d\\\\000\||por\\
=019  1\$abld00F2260
=019  s\$aoagh20770
=020  \\$a8506031230
=040  \\$aUk$cUk
=041  0\$apor$aeng
=082  04$a469.3
=245  00$aMichaelis :$bmoderno dicionário inglês-português, português-inglês.
=260  \\$aSão Paulo :$bMelhoramentos,$cc2000.
=300  \\$axxii, 1734 p. ;$c28 cm.
=336  \\$atext$2rdacontent
=337  \\$aunmediated$2rdamedia
=338  \\$avolume$2rdacarrier
=546  \\$aText in Portuguese and English.
=650  \0$aPortuguese language$vDictionaries$xEnglish.
=650  \0$aEnglish language$xDictionaries$xPortuguese.
=852  41$aBritish Library$bHMNTS
=852  11$aBritish Library$bHMNTS$cSPHOA$kHLR$h469.3
=957  \\$a010101p
=985  \\$aUpgraded by BSS-generated file for WR2011-1473
=CAT  \\$aCONV$b00$c20040425$lBLL90$h0847
=CAT  \\$aCONV$b00$c20040502$lBLL01$h1307
=CAT  \\$aBATCH$b00$c20091122$lBLL01$h0944
=CAT  \\$aW2011-1473$b00$c20201124$lBLL01$h1831
=FIN  \\$aY
=FMT  \\$a  BK
=LAS  \\$aW2011-1473$b00$c20201124$lBLL01$h1831
=LEO  \\$aMP13.0000067317
=SRC  \\$aHSS01$bbibmp13.200404.2.aa

