=LDR  02058 am a2200481ua 4500
=001  008880997
=003  Uk
=005  20091122094400.0
=008  030123s2002\\\\xxua\\\||\\\\\000\||eng\\
=019  1\$abld00K5250
=019  s\$aoabl01575
=020  \\$a1887334920 (pbk.) :$cNo price
=040  \\$aUk$cUk
=082  04$a025.00258$221
=111  2\$aState of Digital Preservation: An International Perspective$d(2002 :$cWashington, D.C.)
=245  14$aThe state of digital preservation: an international perspective :$bconference proceedings, Washington D.C., April 24-25, 2002 /$cDocumentaion Abstracts Inc. with Council on Library and Information Resources.
=260  \\$aWashington, DC :$bCLIR,$c2002.
=300  \\$avi, 95 p. :$bill. ;$c30 cm.
=336  \\$atext$2rdacontent
=337  \\$aunmediated$2rdamedia
=338  \\$avolume$2rdacarrier
=650  \0$aDigital preservation$vCongresses.
=650  \0$aArchival materials$vCongresses.
=650  \0$aLibraries$xAutomation$vCongresses.
=650  \0$aInformation technology$vCongresses.
=650  \0$aLibrary science$xTechnological innovations$vCongresses.
=710  2\$aCouncil on Library and Information Resources.
=710  2\$aDocumentation Abstracts, Inc.
=852  41$aBritish Library$bDSC
=852  11$aBritish Library$bHMNTS$cSPHOA$kHUR$h025.84
=886  2\$2ukmarc$a910$b20$aCLIR$xSee$aCouncil on Library and Information Resources$z710
=886  2\$2ukmarc$a910$b20$aCouncil on Library Resources$xSee also$aCouncil on Library and Information Resources$z710
=886  2\$2ukmarc$a910$b20$aCommission on Preservation and Access$xSee also$aCouncil on Library and Information Resources$z710
=886  2\$2ukmarc$a910$b20$aDAI$xSee$aDocumentation Abstracts, Inc$z710/1
=957  \\$a030101p
=CAT  \\$aCONV$b00$c20040425$lBLL90$h0847
=CAT  \\$aCONV$b00$c20040502$lBLL01$h1307
=CAT  \\$aBATCH$b00$c20091122$lBLL01$h0944
=FIN  \\$aY
=FMT  \\$a  BK
=LAS  \\$aBATCH$b00$c20091122$lBLL01$h0944
=LEO  \\$aMP13.0000116312
=SRC  \\$aHSS01$bbibmp13.200404.2.aa

