=LDR  01871 am a2200493ua 4500
=001  008881145
=003  Uk
=005  20091217002900.0
=008  940110s1990\\\\sa\acjk||\\\\\000\||eng\\
=019  1\$abld0017634
=019  s\$aoagh16914
=020  \\$a0796908885
=040  \\$aUk$cUk
=082  04$a929.368
=100  1\$aLombard, R. T. J.
=245  10$aHandbook for genealogical research in South Africa /$cR.T.J. Lombard.
=250  \\$a3rd. improved ed.
=260  \\$aPretoria :$bHuman Sciences Research Council,$c1990.
=300  \\$a146p., [2] folded leaves of plates :$bill., form, geneal. table, ports. ;$c22cm.
=336  \\$atext$2rdacontent
=337  \\$aunmediated$2rdamedia
=338  \\$avolume$2rdacarrier
=490  1\$aGenealogy publication ;$vno.6
=504  \\$aBibliography: p120-146.
=653  1\$aGenealogy
=653  1\$aSouth Africa
=710  2\$aHuman Sciences Research Council.
=830  \0$aGenealogy publication ;$vno.6
=852  41$aBritish Library$bHMNTS
=852  11$aBritish Library$bHMNTS$cSPHOA$kHLR$h929.368$3[Another copy.]
=886  2\$2ukmarc$a910$b20$aHSRC$xSee$aHuman Sciences Research Council$z710
=886  2\$2ukmarc$a910$b10$aSouth Africa$cHuman Sciences Research Council$xSee$aHuman Sciences Research Council$z710
=886  2\$2ukmarc$a910$b20$aSouth African Human Sciences Research Council$xSee$aHuman Sciences Research Council$z710
=886  2\$2ukmarc$a910$b20$aRaad vir Geesteswetens Kaplike Navorsing$xSee$aHuman Sciences Research Council$z710
=957  \\$a931230p
=CAT  \\$aCONV$b00$c20040425$lBLL90$h0847
=CAT  \\$aCONV$b00$c20040502$lBLL01$h1307
=CAT  \\$aBATCH$b00$c20091122$lBLL01$h0944
=CAT  \\$aBATCH$b00$c20091217$lBLL01$h0029
=FIN  \\$aY
=FMT  \\$a  BK
=LAS  \\$aBATCH$b00$c20091217$lBLL01$h0029
=LEO  \\$aMP13.0000155993
=SRC  \\$aHSS01$bbibmp13.200404.2.aa

