=LDR  04196 as a2200937 a 4500
=001  008882679
=003  Uk
=005  20201124183151.0
=007  ta
=008  800124d18911983no\uu\m\\\\\\f0\\\\0eng\\
=019  0\$as218104006
=022  0\$a0801-6755
=040  \\$aUk$cUk$dUk
=041  0\$aeng$anor
=084  \\$aNX 039(N5)$2blsrissc
=222  \0$aNorges geologiske undersøkelse
=245  00$aNorges geologiske undersøkelse.
=246  13$aNorges geologiske undersøgelse
=246  13$aNorges geologiske undersögelse
=260  \\$aOslo :$bUniversitetsforlaget,$c1891-1983.
=300  \\$av. :$bill., maps ;$c25 cm.
=336  \\$atext$2rdacontent
=337  \\$aunmediated$2rdamedia
=338  \\$avolume$2rdacarrier
=362  0\$a-nr. 393.
=362  1\$aBegan with no. 1 in 1891.
=540  \\$aBritish Library not licensed to copy$c0$5Uk
=546  \\$aIn Norwegian or English.
=580  \\$aContinued as "Norges geologiske undersøkelse ... publikasjon. Bulletin" and "Norges geologiske undersøkelse ... publikasjon. Skrifter" for which see separate entries.
=650  \0$aGeology$zNorway.
=710  2\$aNorges geologiske undersøkelse.
=785  01$tSkrifter - Norges geologiske undersøkelse$x0377-8894
=785  01$tBulletin - Norges geologiske undersøkelse$x0332-5768
=785  01$tÅrbok - Norges geologiske undersøkelse$x1500-3418
=852  49$aBritish Library$bDSC$3See shelfmark 6129.000000 for no. 1 (1891)-
=852  71$aBritish Library$bSTI$k(P)$hNX 039$m(N5) -E(2)$2blsrissc$31960-1971; Nr.207-271. ; Deficient: nr.212, 1960
=968  \\$aC
=985  \\$aUpgraded by BSS-generated file for WR2011-1473
=ACF  \\$aBritish Library not licensed to copy$c0$e01-apr-2012$hC$iCLA Excluded$5Uk
=ACF  \\$aBritish Library not licensed to copy$c0$e01-jan-2012$hC$iCLA Excluded$5Uk
=ACF  \\$aBritish Library not licensed to copy$c0$e01-oct-2011$hC$iCLA Excluded$5Uk
=ACF  \\$aPrevious copyright fee: GBP10.50$c0$e01-jan-2011$fGBP10.50$g0$hA$5Uk
=ACF  \\$aPrevious Copyright Fee: GBP0.50$c0$e01-oct-2008$fGBP0.50$g0$hC$5Uk
=ACF  \\$aBritish Library not licensed to copy$c0$e01-jul-2012$hC$iCLA Excluded$5Uk
=CAT  \\$aCONV$b00$c20040425$lBLL90$h0853
=CAT  \\$a8201$b40$c20080612$lBLL01$h1156
=CAT  \\$a8201$b40$c20080612$lBLL01$h1208
=CAT  \\$a8201$b40$c20080612$lBLL01$h1209
=CAT  \\$aBATCH-CLA$b00$c20080829$lBLL01$h1839
=CAT  \\$aBATCH-UPD$b00$c20080930$lBLL01$h2327
=CAT  \\$aBATCH$b00$c20081001$lBLL01$h0046
=CAT  \\$aBATCH$b00$c20091209$lBLL01$h0252
=CAT  \\$aBATCH-UPD$b00$c20101201$lBLL01$h1218
=CAT  \\$aIPL-CLA$c20101231$lBLL01$h1239
=CAT  \\$aBATCH-CLA$b00$c20110831$lBLL01$h1759
=CAT  \\$aIPL-CLA$c20110930$lBLL01$h1514
=CAT  \\$aBATCH-CLA$b00$c20111130$lBLL01$h1153
=CAT  \\$aIPL-CLA$c20111230$lBLL01$h1741
=CAT  \\$aBATCH-CLA$b00$c20120229$lBLL01$h1558
=CAT  \\$aIPL-CLA$c20120330$lBLL01$h1401
=CAT  \\$aBATCH-CLA$b00$c20120531$lBLL01$h1716
=CAT  \\$aIPL-CLA$c20120629$lBLL01$h0957
=CAT  \\$aBATCH-CLA$b00$c20120831$lBLL01$h1543
=CAT  \\$aIPL-CLA$c20120930$lBLL01$h2016
=CAT  \\$aBATCH-CLA$b00$c20121104$lBLL01$h1021
=CAT  \\$aWR12_128$c20121113$lBLL01$h1838
=CAT  \\$aBATCH-CLA$b00$c20121130$lBLL01$h1239
=CAT  \\$aIPL-CLA$c20121231$lBLL01$h1248
=CAT  \\$aIPL-CLA$c20130102$lBLL01$h1651
=CAT  \\$aW2011-1473$b00$c20201124$lBLL01$h1831
=CFI  0\$aBritish Library not licensed to copy$c0$e01-jan-2013$hC$iCFP Excluded$5Uk
=CFI  2\$aBritish Library not licensed to copy$c0$e01-oct-2012$hC$iCFP Excluded$5Uk
=FIN  \\$aY
=FMT  \\$a  SE
=LAS  \\$aW2011-1473$b00$c20201124$lBLL01$h1831
=LEO  \\$aMP25.0000082134
=LKR  \\$aPAR$b012428333$lBLL01$r78501$mNorges geologiske undersøkelse$nBulletin - Norges geologiske undersøkelse
=LKR  \\$aPAR$b008882681$lBLL01$r78501$mNorges geologiske undersøkelse$nSkrifter - Norges geologiske undersøkelse
=LKR  \\$aPAR$b014643731$lBLL01$r78501$mNorges geologiske undersøkelse$nÅrbok - Norges geologiske undersøkelse
=SRC  \\$aSRI01$bbibmp25.200404.2.aa
=TCO  \\$aXXX$c008

