=LDR  01892 as a2200553 a 4500
=001  008882681
=003  Uk
=005  20170104125814.0
=007  ta
=008  840207d19721995no\||\p|||\\\|0\\\b0nor\\
=019  0\$as218104022
=019  c\$a2288069
=022  0\$a0377-8894
=040  \\$aUk$cUk$dUk
=041  0\$anor$beng
=082  04$a554.81$222
=084  \\$aNX 039(N5)$2blsrissc
=210  0\$aSkr.- Nor. geol. unders.
=222  \0$aSkrifter - Norges geologiske undersøkelse
=245  00$aNorges geologiske undersøkelse.$pSkrifter.
=260  \\$aTrondheim :$bUniversitetsforlaget,$c1972-1995.
=300  \\$av. :$bill., maps ;$c25 cm.
=336  \\$atext$2rdacontent
=337  \\$aunmediated$2rdamedia
=338  \\$avolume$2rdacarrier
=515  \\$a1-48 also numbered 274-283, which numeration is shared with the Bulletin series, for which see separate entry.
=546  \\$aPapers in Norwegian with English summaries.
=555  \\$aCumulative index.
=650  \0$aGeology$zNorway$vPeriodicals.
=710  2\$aNorges geologiske undersøkelse.
=780  01$tNorges geologiske undersøkelse$x0801-6755
=785  00$tGråsteinen (Trondheim)$x0807-4801
=852  49$aBritish Library$bDSC$3See shelfmark 6129.000000 for no. 1 (1972)-
=852  71$aBritish Library$bSTI$k(P)$hNX 039$m(N5) -S(1)$2blsrissc$31972-1988; 1-83.
=968  \\$bx
=CAT  \\$aCONV$b00$c20040425$lBLL90$h0853
=CAT  \\$aCONV$b00$c20040502$lBLL01$h1307
=CAT  \\$a8201$b40$c20080612$lBLL01$h1147
=CAT  \\$a8201$b40$c20080612$lBLL01$h1155
=CAT  \\$aBATCH$b00$c20091209$lBLL01$h0252
=CAT  \\$a8874$b40$c20170104$lBLL01$h1258
=FIN  \\$aY
=FMT  \\$a  SE
=LAS  \\$a8874$b40$c20170104$lBLL01$h1258
=LEO  \\$aMP10.0000408683
=LEO  \\$aMP25.0000082136
=SRC  \\$aDSS01$bbibmp10.200404.2.aa
=SRC  \\$aSRI01$bbibmp25.200404.2.aa
=TCO  \\$aXXX$c008

