=LDR  01772 as a2200517ui 4500
=001  008883513
=003  Uk
=005  20201124183152.0
=007  ta
=008  761027d19591969sz\br\p\\\\\\\0\\\b0mul\\
=019  0\$as219465002
=022  0\$a0258-2589
=040  \\$aUk$cUk$dUk
=041  0\$aeng$ager$afre
=084  \\$aER 00$2blsrissc
=084  \\$aGP 55$2blsrissc
=130  0\$aMedicina experimentalis (Basel, Switzerland : 1959)
=222  \0$aMedicina experimentalis$b(1959)
=245  10$aMedicina experimentalis.
=260  \\$aBasel ;$aNew York :$bKarger,$c1959-1964.
=300  \\$av. :$bill. ;$c26 cm.
=310  \\$aSix no. a year
=336  \\$atext$2rdacontent
=337  \\$aunmediated$2rdamedia
=338  \\$avolume$2rdacarrier
=362  0\$aVol. 1, no. 1-v. 11, no. 6
=500  \\$a"International journal of experimental medicine."
=546  \\$aIn English, German or French.
=650  \0$aMedicine, Experimental$vPeriodicals
=650  \0$aPharmacology, Experimental$vPeriodicals
=785  00$tMedicina et pharmacologia experimentalis$x0543-3002
=852  49$aBritish Library$bDSC$3See 5532.900000
=852  71$aBritish Library$bSTI$k(P)$hER 00$m-E(11)$2blsrissc$3Vol. 1 (1959)-v. 11 (1964)
=985  \\$aUpgraded by BSS-generated file for WR2011-1473
=CAT  \\$aCONV$b00$c20040425$lBLL90$h0853
=CAT  \\$aCONV$b00$c20040502$lBLL01$h1307
=CAT  \\$aglobal_upd$b40$c20060417$lBLL01$h1653
=CAT  \\$aBATCH$b00$c20091209$lBLL01$h0252
=CAT  \\$a6537$b40$c20100629$lBLL01$h1214
=CAT  \\$aW2011-1473$b00$c20201124$lBLL01$h1831
=FIN  \\$aY
=FMT  \\$a  SE
=LAS  \\$aW2011-1473$b00$c20201124$lBLL01$h1831
=LEO  \\$aMP25.0000083031
=SRC  \\$aSRI01$bbibmp25.200404.2.aa
=TCO  \\$aCHE$bPRO LITTERIS$c008

