=LDR  06822cas a22012857a 4500
=001  008884606
=003  Uk
=005  20211231171255.0
=007  ta
=008  800423d19791990xxumr\p|||\\\|0\\\a0eng\\
=019  0\$as22124803x
=022  0\$a0198-9995
=040  \\$aUk$cUk$dUk
=082  04$a637$221
=084  \\$aHR 20$2blsrissc
=245  00$aDairy field.
=260  \\$aIndianapolis :$bCoulter,$c1979-1990.
=300  \\$c28cm.
=310  \\$aMonthly
=336  \\$atext$2rdacontent
=337  \\$aunmediated$2rdamedia
=338  \\$avolume$2rdacarrier
=540  \\$aCurrent Copyright Fee: GBP3.69$c0$5Uk
=780  00$tDairy & ice cream field$x0011-555X
=785  00$tDairy field today$x1053-9425
=852  49$aBritish Library$bDSC$3See shelfmark 3514.710000 for vol. 162(12), 1979- v.173(1), 1990
=852  71$aBritish Library$bSTI$k(P)$hHR 20$m-E(25)$2blsrissc$31979- ; Vol.162, no.10 - vol.173, no.1; vol.174- ; Deficient: vol.169, no.4-6, 1986; vol.176, no.5, 1993***Earlier unbound issues
=852  71$aBritish Library$bSTI$cRES$k(OP)$hHR 20$m-E(25)$2blsrissc$31979- ; Vol.162, no.10 - vol.173, no.1; vol.174- ; Deficient: vol.169, no.4-6, 1986; vol.176, no.5, 1993***Earlier bound volumes
=ACF  \\$aPrevious Copyright Fee: GBP3.23$c0$e01-apr-2012$fGBP3.23$g0$hC$5Uk
=ACF  \\$aPrevious Copyright Fee: GBP3.00$c0$e01-jan-2012$fGBP3.00$g0$hC$5Uk
=ACF  \\$aPrevious Copyright Fee: GBP3.00$c0$e01-oct-2011$fGBP3.00$g0$hC$5Uk
=ACF  \\$aPrevious Copyright Fee: GBP3.00$c0$e01-jul-2011$fGBP3.00$g0$hC$5Uk
=ACF  \\$aPrevious Copyright Fee: GBP3.00$c0$e01-apr-2011$fGBP3.00$g0$hC$5Uk
=ACF  \\$aPrevious Copyright Fee: GBP3.00$c0$e01-jan-2011$fGBP3.00$g0$hC$5Uk
=ACF  \\$aPrevious Copyright Fee: GBP3.00$c0$e01-oct-2010$fGBP3.00$g0$hC$5Uk
=ACF  \\$aPrevious Copyright Fee: GBP3.00$c0$e01-jul-2010$fGBP3.00$g0$hC$5Uk
=ACF  \\$aPrevious Copyright Fee: GBP3.00$c0$e01-apr-2010$fGBP3.00$g0$hC$5Uk
=ACF  \\$aPrevious Copyright Fee: GBP3.00$c0$e01-Jan-2010$fGBP3.00$g0$hC$5Uk
=ACF  \\$aPrevious Copyright Fee: GBP3.00$c0$e01-oct-2009$fGBP3.00$g0$hC$5Uk
=ACF  \\$aPrevious Copyright Fee: GBP3.57$c0$e01-jul-2009$fGBP3.57$g0$hC$5Uk
=ACF  \\$aPrevious Copyright Fee: GBP3.57$c0$e01-apr-2009$fGBP3.57$g0$hC$5Uk
=ACF  \\$aPrevious Copyright Fee: GBP3.13$c0$e01-jan-2009$fGBP3.13$g0$hC$5Uk
=ACF  \\$aPrevious Copyright Fee: GBP0.50$c0$e01-oct-2008$fGBP0.50$g0$hC$5Uk
=ACF  \\$aPrevious Copyright Fee: GBP2.50$c0$e01-jul-2008$fGBP2.50$g0$hC$5Uk
=ACF  \\$aPrevious Copyright Fee: GBP2.50$c0$e01-apr-2008$fGBP2.50$g0$hC$5Uk
=ACF  \\$aPrevious Copyright Fee: GBP2.50$c0$e01-jan-2008$fGBP2.50$g0$hC$5Uk
=ACF  \\$aPrevious Copyright Fee: GBP0.50$c0$e01-oct-2007$fGBP0.50$g0$hC$5Uk
=ACF  \\$aPrevious Copyright Fee: GBP0.50$c0$e01-jul-2007$fGBP0.50$g0$hC$5Uk
=ACF  \\$aPrevious Copyright Fee: GBP0.51$c0$e01-apr-2007$fGBP0.51$g0$hC$5Uk
=ACF  \\$aPrevious Copyright Fee: GBP0.54$c0$e01-jan-2007$fGBP0.54$g0$hC$5Uk
=ACF  \\$aPrevious Copyright Fee: GBP0.54$c0$e01-oct-2006$fGBP0.54$g0$hC$5Uk
=ACF  \\$aPrevious Copyright Fee: GBP0.57$c0$e01-jul-2006$fGBP0.57$g0$hC$5Uk
=ACF  \\$aPrevious Copyright Fee: GBP0.57$c0$e01-apr-2006$fGBP0.57$g0$hC$5Uk
=ACF  \\$aPrevious Copyright Fee: GBP0.56$c0$e01-jan-2006$fGBP0.56$g0$hC$5Uk
=ACF  \\$aPrevious Copyright Fee: GBP3.03$c0$e01-jul-2012$fGBP3.03$g0$hC$5Uk
=ACF  \\$aPrevious Copyright Fee: GBP3.23$c0$e01-oct-2012$fGBP3.23$g0$hC$5Uk
=ACF  \\$aPrevious Copyright Fee: GBP3.13$c0$e01-jan-2013$fGBP3.13$g0$hC$5Uk
=ACF  \\$aPrevious Copyright Fee: GBP3.23$c0$e01-jul-2013$fGBP3.23$g0$hC$5Uk
=ACF  \\$aPrevious Copyright Fee: GBP3.00$c0$e01-oct-2013$fGBP3.00$g0$hC$5Uk
=ACF  \\$aPrevious Copyright Fee: GBP3.13$c0$e01-jan-2014$fGBP3.13$g0$hC$5Uk
=ACF  \\$aPrevious Copyright Fee: GBP3.03$c0$e01-jul-2014$fGBP3.03$g0$hC$5Uk
=ACF  \\$aPrevious Copyright Fee: GBP5.45$c0$e01-jan-2015$fGBP5.45$g0$hC$5Uk
=ACF  \\$aPrevious Copyright Fee: GBP6.00$c0$e01-apr-2015$fGBP6.00$g0$hC$5Uk
=ACF  \\$aPrevious Copyright Fee: GBP5.81$c0$e01-oct-2015$fGBP5.81$g0$hC$5Uk
=ACF  \\$aPrevious Copyright Fee: GBP6.21$c0$e01-apr-2016$fGBP6.21$g0$hC$5Uk
=ACF  \\$aPrevious Copyright Fee: GBP6.67$c0$e01-oct-2016$fGBP6.67$g0$hC$5Uk
=ACF  \\$aPrevious Copyright Fee: GBP7.20$c0$e01-apr-2017$fGBP7.20$g0$hC$5Uk
=ACF  \\$aPrevious Copyright Fee: GBP6.84$c0$e01-oct-2017$fGBP6.84$g0$hC$5Uk
=ACF  \\$aPrevious Copyright Fee: GBP6.92$c0$e01-jan-2018$fGBP6.92$g0$hC$5Uk
=ACF  \\$aPrevious Copyright Fee: GBP6.43$c0$e01-apr-2018$fGBP6.43$g0$hC$5Uk
=ACF  \\$aPrevious Copyright Fee: GBP6.92$c0$e01-oct-2018$fGBP6.92$g0$hC$5Uk
=ACF  \\$aPrevious Copyright Fee: GBP7.20$c0$e01-oct-2019$fGBP7.20$g0$hC$5Uk
=ACF  \\$aPrevious Copyright Fee: GBP6.92$c0$e01-apr-2020$fGBP6.92$g0$hC$5Uk
=ACF  \\$aPrevious Copyright Fee: GBP7.20$c0$e01-jul-2020$fGBP7.20$g0$hC$5Uk
=ACF  \\$aPrevious Copyright Fee: GBP6.66$c0$e01-apr-2021$fGBP6.66$g0$hC$5Uk
=ACF  \\$aPrevious Copyright Fee: GBP6.48$c0$e01-jul-2021$fGBP6.48$g0$hC$5Uk
=CAT  \\$aCONV$b00$c20040425$lBLL90$h0853
=CAT  \\$aIPL-CLA$c20160930$lBLL01$h1546
=CAT  \\$aBATCH-CLA$b00$c20170228$lBLL01$h1629
=CAT  \\$aIPL-CLA$c20170331$lBLL01$h1830
=CAT  \\$aBATCH-CLA$b00$c20170831$lBLL01$h1628
=CAT  \\$aIPL-CLA$c20170929$lBLL01$h1712
=CAT  \\$aBATCH-CLA$b00$c20171130$lBLL01$h1704
=CAT  \\$aIPL-CLA$c20171231$lBLL01$h1420
=CAT  \\$aBATCH-CLA$b00$c20180228$lBLL01$h1642
=CAT  \\$aIPL-CLA$c20180331$lBLL01$h1601
=CAT  \\$aBATCH-CLA$b00$c20180831$lBLL01$h1625
=CAT  \\$aIPL-CLA$c20180930$lBLL01$h1453
=CAT  \\$aBATCH-CLA$b00$c20190909$lBLL01$h1712
=CAT  \\$aIPL-CLA$c20190930$lBLL01$h1629
=CAT  \\$aBATCH-CLA$b00$c20200228$lBLL01$h1637
=CAT  \\$aIPL-CLA$c20200331$lBLL01$h1605
=CAT  \\$aBATCH-CLA$b00$c20200529$lBLL01$h1536
=CAT  \\$aIPL-CLA$c20200701$lBLL01$h0046
=CAT  \\$aBATCH-CLA$b00$c20210227$lBLL01$h1009
=CAT  \\$aIPL-CLA$c20210331$lBLL01$h1835
=CAT  \\$aBATCH-CLA$b00$c20210528$lBLL01$h1525
=CAT  \\$aIPL-CLA$c20210704$lBLL01$h1113
=CAT  \\$aBATCH-CLA$b00$c20210917$lBLL01$h1602
=CAT  \\$aIPL-CLA$c20210930$lBLL01$h1645
=CAT  \\$aBATCH-CLA$b00$c20211203$lBLL01$h0814
=CAT  \\$aIPL-CLA$c20211231$lBLL01$h1712
=CFI  0\$aCurrent Copyright Fee: GBP3.69$c0$e01-jan-2022$fGBP3.69$g0$hC$5Uk
=CFI  2\$aPrevious Copyright Fee: GBP6.39$c0$e01-oct-2021$fGBP6.39$g0$hC$5Uk
=FIN  \\$aY
=FMT  \\$a  SE
=LAS  \\$aIPL-CLA$b00$c20211231$lBLL01$h1712
=LEO  \\$aMP25.0000084300
=SRC  \\$aSRI01$bbibmp25.200404.2.aa
=TCO  \\$aTRS$bCCC$c008

