=LDR  05510cas a2201141 a 4500
=001  008886138
=003  Uk
=005  20211231171255.0
=007  ta
=008  761110d19641973xxubr\p\\\\\\\0\\\a0eng\\
=019  0\$as223400009
=022  0\$a0020-0042
=040  \\$aUk$cUk$dUk
=082  04$a621.38041$222
=084  \\$aRR 16$2blsrissc
=210  0\$aInf. disp.$b(1964)
=222  \0$aInformation display$b(1964)
=245  00$aInformation display.
=260  \\$aNew York :$bMetaData,$c1965-1972.
=300  \\$a10 v. :$bill. ;$c28 cm.
=310  \\$aBimonthly
=336  \\$atext$2rdacontent
=337  \\$aunmediated$2rdamedia
=338  \\$avolume$2rdacarrier
=362  0\$aVol. 1, no. 1 (Sept./Oct. 1964)-
=362  1\$aCeased with v. 10, no. 1 (Jan./Feb. 1973).
=500  \\$aPublished for, and earlier issues published by the Society for Information Display.
=540  \\$aCurrent Copyright Fee: GBP0.73$c0$5Uk
=650  \0$aInformation display systems$vPeriodicals.
=710  2\$aSociety for Information Display.
=785  04$aSociety for Information Display.$tSID journal$g1973$x0092-4342
=852  71$aBritish Library$bSTI$k(P)$hRR 16$m-E(1)$2blsrissc$3Vol. 2 (1965)-vol. 9 (1972)
=852  49$aBritish Library$bDSC$3See shelfmark 4493.560000 for vol. 1, 1965- 9, 1972 *A=1
=ACF  \\$aPrevious Copyright Fee: GBP0.65$c0$e01-apr-2012$fGBP0.65$g0$hC$5Uk
=ACF  \\$aPrevious Copyright Fee: GBP0.60$c0$e01-jan-2012$fGBP0.60$g0$hC$5Uk
=ACF  \\$aPrevious Copyright Fee: GBP0.60$c0$e01-oct-2011$fGBP0.60$g0$hC$5Uk
=ACF  \\$aPrevious Copyright Fee: GBP0.60$c0$e01-jul-2011$fGBP0.60$g0$hC$5Uk
=ACF  \\$aPrevious Copyright Fee: GBP0.60$c0$e01-jan-2011$fGBP0.60$g0$hC$5Uk
=ACF  \\$aPrevious Copyright Fee: GBP0.60$c0$e01-oct-2010$fGBP0.60$g0$hC$5Uk
=ACF  \\$aPrevious Copyright Fee: GBP0.60$c0$e01-jul-2010$fGBP0.60$g0$hC$5Uk
=ACF  \\$aPrevious Copyright Fee: GBP0.60$c0$e01-apr-2010$fGBP0.60$g0$hC$5Uk
=ACF  \\$aPrevious Copyright Fee: GBP0.60$c0$e01-Jan-2010$fGBP0.60$g0$hC$5Uk
=ACF  \\$aPrevious Copyright Fee: GBP0.61$c0$e01-jul-2012$fGBP0.61$g0$hC$5Uk
=ACF  \\$aPrevious Copyright Fee: GBP0.65$c0$e01-oct-2012$fGBP0.65$g0$hC$5Uk
=ACF  \\$aPrevious Copyright Fee: GBP0.63$c0$e01-jan-2013$fGBP0.63$g0$hC$5Uk
=ACF  \\$aPrevious Copyright Fee: GBP0.65$c0$e01-jul-2013$fGBP0.65$g0$hC$5Uk
=ACF  \\$aPrevious Copyright Fee: GBP0.60$c0$e01-oct-2013$fGBP0.60$g0$hC$5Uk
=ACF  \\$aPrevious Copyright Fee: GBP0.63$c0$e01-jan-2014$fGBP0.63$g0$hC$5Uk
=ACF  \\$aPrevious Copyright Fee: GBP0.61$c0$e01-jul-2014$fGBP0.61$g0$hC$5Uk
=ACF  \\$aPrevious Copyright Fee: GBP0.67$c0$e01-apr-2015$fGBP0.67$g0$hC$5Uk
=ACF  \\$aPrevious Copyright Fee: GBP0.65$c0$e01-oct-2015$fGBP0.65$g0$hC$5Uk
=ACF  \\$aPrevious Copyright Fee: GBP0.69$c0$e01-apr-2016$fGBP0.69$g0$hC$5Uk
=ACF  \\$aPrevious Copyright Fee: GBP0.74$c0$e01-oct-2016$fGBP0.74$g0$hC$5Uk
=ACF  \\$aPrevious Copyright Fee: GBP0.80$c0$e01-apr-2017$fGBP0.80$g0$hC$5Uk
=ACF  \\$aPrevious Copyright Fee: GBP0.76$c0$e01-oct-2017$fGBP0.76$g0$hC$5Uk
=ACF  \\$aPrevious Copyright Fee: GBP0.77$c0$e01-jan-2018$fGBP0.77$g0$hC$5Uk
=ACF  \\$aPrevious Copyright Fee: GBP0.71$c0$e01-apr-2018$fGBP0.71$g0$hC$5Uk
=ACF  \\$aPrevious Copyright Fee: GBP0.77$c0$e01-oct-2018$fGBP0.77$g0$hC$5Uk
=ACF  \\$aPrevious Copyright Fee: GBP0.80$c0$e01-oct-2019$fGBP0.80$g0$hC$5Uk
=ACF  \\$aPrevious Copyright Fee: GBP0.77$c0$e01-apr-2020$fGBP0.77$g0$hC$5Uk
=ACF  \\$aPrevious Copyright Fee: GBP0.80$c0$e01-jul-2020$fGBP0.80$g0$hC$5Uk
=ACF  \\$aPrevious Copyright Fee: GBP0.74$c0$e01-apr-2021$fGBP0.74$g0$hC$5Uk
=ACF  \\$aPrevious Copyright Fee: GBP0.72$c0$e01-jul-2021$fGBP0.72$g0$hC$5Uk
=CAT  \\$aCONV$b00$c20040425$lBLL90$h0853
=CAT  \\$aBATCH-CLA$b00$c20170228$lBLL01$h1626
=CAT  \\$aIPL-CLA$c20170331$lBLL01$h1830
=CAT  \\$aBATCH-CLA$b00$c20170831$lBLL01$h1625
=CAT  \\$aIPL-CLA$c20170929$lBLL01$h1712
=CAT  \\$aBATCH-CLA$b00$c20171130$lBLL01$h1709
=CAT  \\$aIPL-CLA$c20171231$lBLL01$h1420
=CAT  \\$aBATCH-CLA$b00$c20180228$lBLL01$h1639
=CAT  \\$aIPL-CLA$c20180331$lBLL01$h1601
=CAT  \\$aBATCH-CLA$b00$c20180831$lBLL01$h1624
=CAT  \\$aIPL-CLA$c20180930$lBLL01$h1453
=CAT  \\$aBATCH-CLA$b00$c20190909$lBLL01$h1714
=CAT  \\$aIPL-CLA$c20190930$lBLL01$h1629
=CAT  \\$a8124$b40$c20191106$lBLL01$h1127
=CAT  \\$aBATCH-CLA$b00$c20200228$lBLL01$h1636
=CAT  \\$aIPL-CLA$c20200331$lBLL01$h1605
=CAT  \\$aBATCH-CLA$b00$c20200529$lBLL01$h1538
=CAT  \\$aIPL-CLA$c20200701$lBLL01$h0046
=CAT  \\$aBATCH-CLA$b00$c20210227$lBLL01$h1011
=CAT  \\$aIPL-CLA$c20210331$lBLL01$h1835
=CAT  \\$aBATCH-CLA$b00$c20210528$lBLL01$h1525
=CAT  \\$aIPL-CLA$c20210704$lBLL01$h1113
=CAT  \\$aBATCH-CLA$b00$c20210917$lBLL01$h1603
=CAT  \\$aIPL-CLA$c20210930$lBLL01$h1645
=CAT  \\$aBATCH-CLA$b00$c20211203$lBLL01$h0814
=CAT  \\$aIPL-CLA$c20211231$lBLL01$h1712
=CFI  0\$aCurrent Copyright Fee: GBP0.73$c0$e01-jan-2022$fGBP0.73$g0$hC$5Uk
=CFI  2\$aPrevious Copyright Fee: GBP0.71$c0$e01-oct-2021$fGBP0.71$g0$hC$5Uk
=FIN  \\$aY
=FMT  \\$a  SE
=LAS  \\$aIPL-CLA$b00$c20211231$lBLL01$h1712
=LEO  \\$aMP25.0000085936
=LKR  \\$aPAR$b009875735$lBLL01$r78500$mInformation display (1964)$nSID JOURNAL.
=SRC  \\$aSRI01$bbibmp25.200404.2.aa
=TCO  \\$aTRS$bCCC$c008

