=LDR  02419 as a2200601 a 4500
=001  008886517
=003  Uk
=005  20201124183154.0
=007  ta
=008  850416d19411949sz\||\p\\\\\\\0\\\b0ger\\
=019  0\$as22401305x
=019  c\$a2152980
=040  \\$aUk$cUk$dUk
=041  0\$ager$aeng$afre
=084  \\$aGQ 70$2blsrissc
=084  \\$aGT 30$2blsrissc
=245  00$aSchweizerische Zeitschrift für Pathologie und Bakteriologie.
=246  31$aRevue suisse de pathologie et de bactériologie
=260  \\$aBasel :$bKarger,$c1941-1949.
=300  \\$a9 v. :$bill ;$c23 cm.
=336  \\$atext$2rdacontent
=337  \\$aunmediated$2rdamedia
=338  \\$avolume$2rdacarrier
=362  1\$aBegan with: Vol. 4 (1941).
=362  1\$aCeased with: Vol. 12 (1949).
=525  \\$aSupplements accompany some vols.
=546  \\$aIn English, French and German.
=550  \\$aOfficial organ of Freie Vereinigung der Schweizer Pathologen (varies slightly) and Schweizerische Mikrobiologische Gesellschaft, 1945-1949.
=650  \0$aPathology$vPeriodicals.
=650  \0$aBacteriology$vPeriodicals.
=710  2\$aFreie Vereinigung Schweizer Pathologen.
=710  2\$aSchweizerische Mikrobiologische Gesellschaft.
=780  00$tSchweizerische Zeitschrift für allgemeine Pathologie und Bakteriologie (1938)
=785  00$tSchweizerische Zeitschrift für allgemeine Pathologie und Bakteriologie (1950)
=852  49$aBritish Library$bDSC$3See shelfmark 8121.800000
=852  71$aBritish Library$bSTI$k(P)$hGQ 70$m-E(9)$2blsrissc$3Vol.4, 1941-12, 1949
=985  \\$aRecord merged by DQ team
=985  \\$aUpgraded by BSS-generated file for WR2011-1473
=CAT  \\$aCONV$b00$c20040425$lBLL90$h0853
=CAT  \\$aCONV$b00$c20040502$lBLL01$h1307
=CAT  \\$a8456$b40$c20081024$lBLL01$h1151
=CAT  \\$a8456$b40$c20081024$lBLL01$h1201
=CAT  \\$aBATCH$b00$c20091209$lBLL01$h0252
=CAT  \\$aW2011-1473$b00$c20201124$lBLL01$h1831
=FIN  \\$aY
=FMT  \\$a  SE
=LAS  \\$aW2011-1473$b00$c20201124$lBLL01$h1831
=LEO  \\$aMP25.0000086446
=LEO  \\$aMP10.0000524109
=LKR  \\$aPAR$b008886514$lBLL01$r78000$mSchweizerische Zeitschrift für Pathologie und Bakteriologie$nSchweizerische Zeitschrift für allgemeine Pathologie und Bakteriologie (1938)
=SRC  \\$aSRI01$bbibmp25.200404.2.aa
=SRC  \\$aDSS01$bbibmp10.200404.2.aa
=TCO  \\$aCHE$bPRO LITTERIS$c008

