=LDR  01777 as a2200517 a 4500
=001  008886781
=003  Uk
=005  20071105144044.0
=007  ta
=008  040419d18831968enkuu\p\\\\\\\0\\\a0eng\\
=019  0\$as224462008
=022  0\$a0371-9081$202
=030  \\$aTLGAAC
=040  \\$aUk$cUk$dUk
=042  \\$aissnuk
=082  04$a551.05$222
=084  \\$aNX 025$2blsrissc
=210  0\$aTrans. Leeds Geol. Assoc.
=222  \0$aTransactions of the Leeds Geological Association
=245  00$aTransactions of the Leeds Geological Association.
=260  \\$aLeeds :$bLeeds Geological Association, University of Leeds,$c1883-1968.
=300  \\$c22 cm.
=336  \\$atext$2rdacontent
=337  \\$aunmediated$2rdamedia
=338  \\$avolume$2rdacarrier
=650  \0$aGeology$vPeriodicals.
=710  2\$aLeeds Geological Association.
=785  00$tJournal of earth sciences of the Leeds Geological Association$x0309-6580
=852  49$aBritish Library$bDSC$3See shelfmark 8978.000000
=852  71$aBritish Library$bSTI$k(P)$hNX 025$m-E(1)$2blsrissc$31932-1968; Vol.5, pt 1, 1930/31 _ vol.7, pt 5, 1966/67.
=968  \\$aC
=985  \\$aRecord merged by DQ team
=CAT  \\$aCONV$b00$c20040425$lBLL90$h0853
=CAT  \\$aCONV$b00$c20040502$lBLL01$h1307
=CAT  \\$a8201$b40$c20071105$lBLL01$h1423
=CAT  \\$a8201$b40$c20071105$lBLL01$h1440
=CAT  \\$aBATCH$b00$c20091209$lBLL01$h0252
=FIN  \\$aY
=FMT  \\$a  SE
=LAS  \\$aBATCH$b00$c20091209$lBLL01$h0252
=LEO  \\$aMP25.0000086765
=LEO  \\$aMP22.0000023072
=LKR  \\$aPAR$b010489134$lBLL01$nJournal of earth sciences of t$mTransactions of the Leeds Geol$r78500
=SRC  \\$aSRI01$bbibmp25.200404.2.aa
=SRC  \\$aISN01$bbibmp22.200404.2.aa
=TCO  \\$aCLA$bCLA$c008

