=LDR  02002 as a2200529 a 4500
=001  008886999
=003  Uk
=005  20140515154142.0
=008  810407d19131965gw\uu\p\\\\\\\0\\\b0ger\\
=019  0\$as224804006
=022  0\$a0372-8722
=040  \\$aUk$cUk$dUk
=082  04$a616.027$223
=082  04$a610$223
=084  \\$aGP 00$2blsrissc
=222  \0$aZeitschrift für die Gesamte Experimentelle Medizin
=245  00$aZeitschrift für die gesamte experimentelle Medizin.
=260  \\$aBerlin :$bSpringer,$c1913-1965.
=300  \\$av. :$bill. ;$c24 cm.
=336  \\$atext$2rdacontent
=337  \\$aunmediated$2rdamedia
=338  \\$avolume$2rdacarrier
=362  0\$a1. Bd., 1. Heft-Bd. 139, Heft. 8.
=500  \\$aTitle from cover.
=515  \\$aSuspended between Mar. 1945-Aug. 1949.
=580  \\$aAbsorbed Zeitschrift für die gesamte experimentelle Pathologie und Therapie and adopted its volume numbering.
=650  \0$aMedicine, Experimental$vPeriodicals.
=650  \2$aMedicine$vPeriodicals.
=650  \2$aPathology$vPeriodicals.
=650  \2$aResearch$vPeriodicals.
=650  \2$aTherapeutics$vPeriodicals.
=650  \0$aMedicine.
=780  05$tZeitschrift für die gesamte experimentelle Pathologie und Therapie
=785  00$tZeitschrift für die gesamte experimentelle Medizin einschliesslich experimentelle Chirurgie$x0044-2534
=852  49$aBritish Library$bDSC$3See shelfmark 9462.800000
=852  71$aBritish Library$bSTI$k(P)$hGP 00$m-E(200)$2blsrissc$31930-1965; Band 69-139. ; Deficient: Bd 83, 88, 91, 94-101, 103, 108-114
=CAT  \\$aCONV$b00$c20040425$lBLL90$h0853
=CAT  \\$aCONV$b00$c20040502$lBLL01$h1307
=CAT  \\$aBATCH$b00$c20091122$lBLL01$h0946
=CAT  \\$a8201$b40$c20140515$lBLL01$h1541
=CAT  \\$aWR16120681$c20161221$lBLL01$h1800
=FIN  \\$aY
=FMT  \\$a  SE
=LAS  \\$aWR16120681$b00$c20161221$lBLL01$h1800
=LEO  \\$aMP25.0000087027
=SRC  \\$aSRI01$bbibmp25.200404.2.aa
=TCO  \\$aDEU$bVG WORT$c008

