=LDR  03034 as a2200781 a 4500
=001  008888040
=003  Uk
=005  20090810110428.0
=007  ta
=008  791127d19621975enkar\p\\\\\\\0\\\a0eng\\
=019  0\$as227438000
=019  c\$a2140250
=019  x\$a0981930026
=019  c\$a2146683
=022  0\$a0434-5096$202
=040  \\$aUk$cUk$dUk
=042  \\$aissnuk
=084  \\$aDM 124$2blsrissc
=110  2\$aBoxworth Experimental Husbandry Farm.
=210  0\$aRep.$b(Boxworth Exp. Husb. Farm)
=222  \0$aReport$b(Boxworth Experimental Husbandry Farm)
=240  10$aReport (Boxworth Experimental Husbandry Farm)
=245  10$aReport /$cBoxworth Experimental Husbandry Farm.
=246  13$i1972/1973 issue has title:$aReview / Boxworth Experimental Husbandry Farm
=260  \\$a[London] :$bAgricultural Development and Advisory Service,$c[1962-1975?]
=300  \\$av. ;$c21 cm.
=310  \\$aAnnual
=336  \\$atext$2rdacontent
=337  \\$aunmediated$2rdamedia
=338  \\$avolume$2rdacarrier
=500  \\$aReports for 1961-69 published by the National Advisory Service.
=595  \\$aSEE 1519.928.
=610  20$aBoxworth Experimental Husbandry Farm$vPeriodicals.
=650  \0$aCropping systems$zGreat Britain$vPeriodicals.
=650  \0$aDairy cattle$zGreat Britain$vPeriodicals.
=710  1\$aGreat Britain.$bAgricultural Development and Advisory Service.
=710  1\$aGreat Britain.$bNational Agricultural Advisory Service.
=785  00$aBoxworth Experimental Husbandry Farm.$tAnnual review...$x0262-9992
=852  49$aBritish Library$bDSC$3See shelfmark 1519.928000
=852  71$aBritish Library$bSTI$k(P)$hDM 124$m-E(54)$2blsrissc$31961-1970; 1974
=945  \\$aREPORT- BOXWORTH EXPERIMENTAL HUSBANDRY FARM NATIONAL AGRICULTURAL ADVISORY SERVICE.
=979  \\$aBritish Library$bDSC$j7382.600000N
=985  \\$aRecord merged by DQ team
=CAT  \\$aCONV$b00$c20040425$lBLL90$h0853
=CAT  \\$aCONV$b00$c20040502$lBLL01$h1307
=CAT  \\$a5194$b40$c20041117$lBLL01$h1727
=CAT  \\$c20050504$lBLL01$h1614
=CAT  \\$aglobal_upd$b40$c20060417$lBLL01$h1653
=CAT  \\$aBATCH-UPD$b40$c20061101$lBLL01$h1247
=CAT  \\$a8874$b40$c20061106$lBLL01$h1202
=CAT  \\$a8201$b40$c20090810$lBLL01$h1103
=CAT  \\$a8201$b40$c20090810$lBLL01$h1104
=CAT  \\$aBATCH$b00$c20091209$lBLL01$h0252
=CAT  \\$aBATCH-UPD$b00$c20100925$lBLL01$h1835
=CAT  \\$aBATCH-UPD$b00$c20101220$lBLL01$h1248
=CAT  \\$aWR13.005$c20130323$lBLL01$h1515
=FIN  \\$aY
=FMT  \\$a  SE
=LAS  \\$aWR13.005$b00$c20130323$lBLL01$h1515
=LEO  \\$aMP10.0000505312
=LEO  \\$aMP25.0000088287
=LEO  \\$aMP10.0000487711
=LEO  \\$aMP1.0001169161
=LKR  \\$aPAR$b010184050$lBLL01$r78500$mReport (Boxworth Experimental Husbandry Farm)$nAnnual review _ Boxworth Experimental Husbandry Farm
=SRC  \\$aBLS01$bbibmp1.200404.2.ab
=SRC  \\$aDSS01$bbibmp10.200404.2.aa
=SRC  \\$aSRI01$bbibmp25.200404.2.aa
=TCO  \\$aCLA$bCLA$c008

