=LDR  01557 as a2200469 a 4500
=001  008888422
=003  Uk
=005  20141105091314.0
=008  800219d19741987ru\br\p\\\\\\o0\\\c0rus\\
=019  0\$as229154026
=022  \\$a0206-538X$l0206-538X$z0132-6724$20
=040  \\$aUk$cUk$dUk
=082  04$a633.2$221
=084  \\$aDW 10$2blsrissc
=222  \0$aKormoproizvodstvo$b(1974)
=245  00$aKormoproizvodstvo.
=260  \\$aMoskva :$b"Kolos",$c1974-1987.
=300  \\$av. :$bill. ;$c21-27 cm.
=310  \\$aMonthly
=336  \\$atext$2rdacontent
=337  \\$aunmediated$2rdamedia
=338  \\$avolume$2rdacarrier
=650  \0$aForage plants$zFormer Soviet republics.
=650  \0$aFeeds$zFormer Soviet republics.
=780  00$tKorma (Moskva)$x0130-2515
=785  00$tKormovye kulʹtury$x0235-2540
=852  49$aBritish Library$bDSC$3See shelfmark 0092.426000
=852  71$aBritish Library$bSTI$k(P)$hDW 10$m-R(1)$2blsrissc$31992- ; God 15-[22]; 1992- ; Deficient: 1992, no.2, 3, 5, 6; 1993, no.3
=968  \\$bx
=975  \\$ad
=CAT  \\$aCONV$b00$c20040425$lBLL90$h0853
=CAT  \\$aCONV$b00$c20040502$lBLL01$h1307
=CAT  \\$aglobal_upd$b40$c20060417$lBLL01$h1653
=CAT  \\$aBATCH$b00$c20091209$lBLL01$h0252
=CAT  \\$a8201$b40$c20141105$lBLL01$h0913
=FIN  \\$aY
=FMT  \\$a  SE
=LAS  \\$a8201$b40$c20141105$lBLL01$h0913
=LEO  \\$aMP25.0000088724
=LKR  \\$aPAR$b008521447$lBLL01$r78500$mKormoproizvodstvo (1974)$nKormovye kulʹtury
=SRC  \\$aSRI01$bbibmp25.200404.2.aa
=TCO  \\$aXXX$c008

