=LDR  05652cas a2201177 i 4500
=001  008889219
=003  Uk
=005  20221231185926.0
=007  ta
=008  760712d19541973fr\mrz\\\\\\\\0\\\b0fre\d
=019  0\$as231413009
=022  \\$a0012-5709
=040  \\$aUk$cUk$dUk
=041  0\$afre$beng$bger$bita
=082  04$a667.2$221
=084  \\$aLY 50$2blsrissc
=210  0\$aDouble liaison
=222  \0$aDouble liaison
=245  00$aDouble-liaison.
=246  3\$aDouble liaison
=260  \\$aParis :$bAssociation française des techniciens des peintures, vernis, encres d'imprimerie, colles et adhésifs,$c1968-73
=300  \\$c30cm.
=310  \\$aMonthly
=336  \\$atext$2rdacontent
=337  \\$aunmediated$2rdamedia
=338  \\$avolume$2rdacarrier
=362  1\$aBegan with no. 1 in May 1954.
=362  0\$a-no 172 (Déc. 1969); t. 17, no 173 (Janv. 1970)-t. 20, no 220 (Déc. 1973).
=515  \\$aTome numbering begins with tome 17, no 173.
=540  \\$aCurrent Copyright Fee: GBP25.00$c0$5Uk
=546  \\$aSome issues include summaries in English, German and Italian.
=550  \\$aOrgan of: Association française des techniciens des peintures, vernis et encres d'imprimerie, <Feb. 1967>-Dec. 1969; Association française des techniciens des peintures, vernis, encres d'imprimerie, colles et adhésifs, Jan. 1970-Dec. 1973.
=650  \0$aPaint$vPeriodicals.
=650  \0$aInk$vPeriodicals.
=650  \0$aPlastics$vPeriodicals.
=650  \0$aAdhesives$vPeriodicals.
=650  \0$aPigments$vPeriodicals.
=710  2\$aAssociation française des techniciens des peintures, vernis et encres d'imprimerie.
=710  2\$aAssociation française des techniciens des peintures, vernis, encres d'imprimerie, colles et adhésifs.
=785  07$tChimie des peintures$x0009-434X
=785  07$tDouble liaison-chimie des peintures$x0291-8412
=852  49$aBritish Library$bDSC$3See shelfmark 3619.890000
=852  71$aBritish Library$bSTI$k(P)$hLY 50$m-F(1)$2blsrissc$31968- ; No 156-172; tome 17-20; tome 35-. No 156-220; no 395- ; Deficient: no 461, 462
=886  2\$2blmarc$a029$b00$aS231413017
=968  \\$bx
=985  \\$aUpgraded by BSS-generated file for WR2011-1473
=ACF  \\$aPrevious Copyright Fee: GBP5.71$c0$e01-jul-2009$fGBP5.71$g0$hC$5Uk
=ACF  \\$aPrevious Copyright Fee: GBP5.71$c0$e01-apr-2009$fGBP5.71$g0$hC$5Uk
=ACF  \\$aPrevious Copyright Fee: GBP5.00$c0$e01-jan-2009$fGBP5.00$g0$hC$5Uk
=ACF  \\$aPrevious Copyright Fee: GBP4.00$c0$e01-oct-2008$fGBP4.00$g0$hC$5Uk
=ACF  \\$aPrevious Copyright Fee: GBP4.00$c0$e01-jul-2008$fGBP4.00$g0$hC$5Uk
=ACF  \\$aPrevious Copyright Fee: GBP4.00$c0$e01-apr-2008$fGBP4.00$g0$hC$5Uk
=ACF  \\$aPrevious Copyright Fee: GBP4.00$c0$e01-jan-2008$fGBP4.00$g0$hC$5Uk
=ACF  \\$aPrevious Copyright Fee: GBP4.00$c0$e01-oct-2007$fGBP4.00$g0$hC$5Uk
=ACF  \\$aPrevious Copyright Fee: GBP4.00$c0$e01-jul-2007$fGBP4.00$g0$hC$5Uk
=ACF  \\$aPrevious Copyright Fee: GBP4.10$c0$e01-apr-2007$fGBP4.10$g0$hC$5Uk
=ACF  \\$aPrevious Copyright Fee: GBP4.32$c0$e01-jan-2007$fGBP4.32$g0$hC$5Uk
=ACF  \\$aPrevious Copyright Fee: GBP4.32$c0$e01-oct-2006$fGBP4.32$g0$hC$5Uk
=ACF  \\$aPrevious Copyright Fee: GBP4.57$c0$e01-jul-2006$fGBP4.57$g0$hC$5Uk
=ACF  \\$aPrevious Copyright Fee: GBP4.57$c0$e01-apr-2006$fGBP4.57$g0$hC$5Uk
=ACF  \\$aPrevious copyright fee: GBP10.50$c0$e01-jan-2011$fGBP10.50$g0$hA$5Uk
=ACF  \\$aPrevious copyright fee: GBP12.00$c0$e01-jan-2012$fGBP12.00$g0$hA$5Uk
=ACF  \\$aPrevious Copyright Fee: GBP12.30$c0$e01-jan-2014$fGBP12.30$g0$hA$5Uk
=ACF  \\$aPrevious Copyright Fee: GBP15.00$c0$e01-jan-2017$fGBP15.00$g0$hA$5Uk
=ACF  \\$aPrevious Copyright Fee: GBP17.50$c0$e01-jan-2018$fGBP17.50$g0$hA$5Uk
=ACF  \\$aPrevious Copyright Fee: GBP20.00$c0$e01-jan-2020$fGBP20.00$g0$hA$5Uk
=CAT  \\$aCONV$b00$c20040425$lBLL90$h0853
=CAT  \\$aBATCH-UPD$b00$c20090331$lBLL01$h2355
=CAT  \\$aBATCH$b00$c20090401$lBLL01$h0124
=CAT  \\$aBATCH-CLA$b00$c20090529$lBLL01$h1706
=CAT  \\$aBATCH-UPD$b00$c20090701$lBLL01$h1947
=CAT  \\$aBATCH-UPD$b00$c20090701$lBLL01$h2028
=CAT  \\$aBATCH$b00$c20090701$lBLL01$h2049
=CAT  \\$aBATCH-UPD$b00$c20101201$lBLL01$h1219
=CAT  \\$aIPL-CLA$c20101231$lBLL01$h1239
=CAT  \\$aWR11_203$c20111204$lBLL01$h1323
=CAT  \\$aIPL-CLA$c20111230$lBLL01$h1741
=CAT  \\$aBATCH-CLA$b00$c20121104$lBLL01$h1021
=CAT  \\$aBATCH-CLA$c20131217$lBLL01$h1742
=CAT  \\$aIPL-CLA$c20131231$lBLL01$h1942
=CAT  \\$aBATCH-CLA$b00$c20161222$lBLL01$h1711
=CAT  \\$aIPL-CLA$c20161230$lBLL01$h1845
=CAT  \\$aBATCH-CLA$b00$c20171222$lBLL01$h2009
=CAT  \\$aIPL-CLA$c20171231$lBLL01$h1420
=CAT  \\$aBATCH-CLA$b00$c20191219$lBLL01$h1636
=CAT  \\$aIPL-CLA$c20191231$lBLL01$h1744
=CAT  \\$aR2001-1524$c20200127$lBLL01$h1931
=CAT  \\$aW2011-1473$b00$c20201124$lBLL01$h1831
=CAT  \\$aBATCH-CLA$b00$c20201204$lBLL01$h1432
=CAT  \\$aIPL-CLA$c20201231$lBLL01$h1944
=CAT  \\$aBATCH-CLA$b00$c20221221$lBLL01$h1737
=CAT  \\$aIPL-CLA$c20221231$lBLL01$h1859
=CFI  0\$aCurrent Copyright Fee: GBP25.00$c0$e01-jan-2023$fGBP25.00$g0$hA$5Uk
=CFI  2\$aPrevious Copyright Fee: GBP22.50$c0$e01-jan-2021$fGBP22.50$g0$hA$5Uk
=FIN  \\$aY
=FMT  \\$a  SE
=LAS  \\$aIPL-CLA$b00$c20221231$lBLL01$h1859
=LEO  \\$aMP25.0000089704
=LKR  \\$aPAR$b005445156$lBLL01$r78507$mDouble liaison$nDOUBLE LIAISON CHIMIE DES PEINTURES.
=SRC  \\$aSRI01$bbibmp25.200404.2.aa
=TCO  \\$aFRA$bCFC$c008

