=LDR  03367 as a2200853 a 4500
=001  008889624
=003  Uk
=005  20080408113033.0
=007  ta
=008  751211d19181948iau\x1m\\\\\\s0\\\a0eng\d
=019  0\$as23270001x
=019  c\$a2162525
=019  x\$a1601430027
=022  0\$a0081-8283
=040  \\$aUk$cUk$dUk
=082  04$a570.5$222
=084  \\$aCC 58$2blsrissc
=210  0\$aUniv. Iowa stud. nat. hist.$b(1918)
=222  \0$aUniversity of Iowa studies in natural history$b(1918)
=245  00$aUniversity of Iowa studies in natural history.
=260  \\$aIowa City, Iowa :$bThe University,$c1918-[1948]
=300  \\$a11 v. :$bill., maps ;$c24 cm.
=310  \\$aIrregular
=336  \\$atext$2rdacontent
=337  \\$aunmediated$2rdamedia
=338  \\$avolume$2rdacarrier
=362  0\$aVol. 8, no. 1 (Oct. 1918)-v. 18, no. 4 (Apr. 1948).
=490  1\$a1918-40: University of Iowa studies
=490  1\$a1944-1948: Study series
=500  \\$aCeased publication.
=515  \\$aTo vol.19, 1954, also described as "New series", "1st series", or "Study series", with erratic numeration.
=525  \\$aVol. 18 has supplement.
=540  \\$aBritish Library not licensed to copy$c0$5Uk
=650  \0$aNatural history.
=650  \0$aNatural history$zIowa.
=710  2\$aState University of Iowa.
=780  00$tBulletin from the laboratories of natural history of the State University of Iowa$x0888-725X
=785  00$tState University of Iowa studies in natural history$x1080-4838
=830  \0$aUniversity of Iowa studies.
=830  \0$aStudy series (University of Iowa)
=852  71$aBritish Library$bSTI$k(P)$hCC 58$m-E(16)$2blsrissc$3Vol. 8, no. 1 (Oct. 1918)-v. 18, no. 4 (Apr. 1948)
=852  49$aBritish Library$bDSC$3See shelfmark 9110.700000
=968  \\$aR
=985  \\$aRecord merged by DQ team
=ACF  \\$aBritish Library not licensed to copy$c0$e01-jan-2013$hC$iCFP Excluded$5Uk
=ACF  \\$aBritish Library not licensed to copy$c0$e01-jul-2013$hC$iCFP Excluded$5Uk
=ACF  \\$aBritish Library not licensed to copy$c0$e01-oct-2013$hC$iCFP Excluded$5Uk
=CAT  \\$aCONV$b00$c20040425$lBLL90$h0853
=CAT  \\$aCONV$b00$c20040502$lBLL01$h1307
=CAT  \\$a8201$b40$c20080408$lBLL01$h1130
=CAT  \\$aBATCH$b00$c20091209$lBLL01$h0253
=CAT  \\$aBATCH-CLA$b00$c20121130$lBLL01$h1236
=CAT  \\$aIPL-CLA$c20121231$lBLL01$h1248
=CAT  \\$aIPL-CLA$c20130102$lBLL01$h1651
=CAT  \\$aBATCH-CLA$b00$c20130531$lBLL01$h1641
=CAT  \\$aIPL-CLA$c20130701$lBLL01$h0007
=CAT  \\$aBATCH-CLA$b00$c20130830$lBLL01$h1625
=CAT  \\$aIPL-CLA$c20130930$lBLL01$h1723
=CAT  \\$aBATCH-CLA$b00$c20131129$lBLL01$h1652
=CAT  \\$aIPL-CLA$c20131231$lBLL01$h1942
=CAT  \\$aBATCH-CLA$b00$c20140530$lBLL01$h1708
=CAT  \\$aIPL-CLA$c20140630$lBLL01$h1700
=CFI  0\$aBritish Library not licensed to copy$c0$e01-jul-2014$hC$iCFP Excluded$5Uk
=CFI  2\$aBritish Library not licensed to copy$c0$e01-jan-2014$hC$iCFP Excluded$5Uk
=FIN  \\$aY
=FMT  \\$a  SE
=LAS  \\$aIPL-CLA$b00$c20140630$lBLL01$h1700
=LEO  \\$aMP1.0001917119.1
=LEO  \\$aMP10.0000558225
=LEO  \\$aMP25.0000090195
=SRC  \\$aBLS01$bbibmp1.200404.2.ac
=SRC  \\$aDSS01$bbibmp10.200404.2.aa
=SRC  \\$aSRI01$bbibmp25.200404.2.aa
=TCO  \\$aTRS$bCCC$c008

