=LDR  02958 as a2200745 a 4500
=001  008890153
=003  Uk
=005  20201124183201.0
=007  ta
=008  780103d19551977un\bx\p\\\\\\\0\\\c0ukr\\
=019  0\$as233932003
=022  \\$a0015-3311
=040  \\$aUk$cUk$dUk
=041  0\$aukr$beng$brus
=084  \\$aER 00$2blsrissc
=210  0\$aFiziol. z̆.$b(Kiev)
=222  \0$aFiziologic̆nij z̆urnal$b(Kiev)
=245  00$aFiziolohichnyĭ zhurnal.
=246  1\$iTitle in colophon:$aFiziologicheskiĭ zhurnal
=260  \\$aKyïv :$b"Naukova dumka",$c1955-1977.
=300  \\$a23 v. :$bill. ;$c26 cm.
=310  \\$aSix no. a year
=336  \\$atext$2rdacontent
=337  \\$aunmediated$2rdamedia
=338  \\$avolume$2rdacarrier
=362  1\$aBegan in 1955.
=362  0\$a-t. 23, no 6 (lyst.-hrud. 1977).
=500  \\$aPublisher varies: Nauk. dumka, 1964-1977.
=540  \\$aBritish Library not licensed to copy$c0$5Uk
=546  \\$aText In Ukrainian; summaries in Russian; table of contents also in Russian, 1955-1956; summaries and table of contents also in English, 1957-1977.
=580  \\$aFormed by the union of: Medychnyĭ z͡hurnal, and: Voprosy fiziologii.
=650  \0$aPhysiology$vPeriodicals.
=710  2\$aInstytut fiziolohiï im. O.O. Bohomolʹt︠s︡i︠a︡.
=780  14$tMedychnyĭ z͡hurnal
=780  14$tVoprosy fiziologii
=785  00$tFiziologicheskiĭ zhurnal (1978)$x0201-8489
=852  49$aBritish Library$bDSC$3See shelfmark 0390.050000 for Tom. 1, 1955- 23, 1977
=852  71$aBritish Library$bSTI$k(P)$hER 00$m-R(9)$2blsrissc$3Tom 1, 1955-23, 1977
=985  \\$aRecord enhanced by DQ team
=985  \\$aUpgraded by BSS-generated file for WR2011-1473
=ACF  \\$aPrevious Copyright Fee: GBP0.88$c0$e01-oct-2008$fGBP0.88$g0$hC$5Uk
=CAT  \\$aCONV$b00$c20040425$lBLL90$h0853
=CAT  \\$aCONV$b00$c20040502$lBLL01$h1307
=CAT  \\$aglobal_upd$b40$c20060417$lBLL01$h1653
=CAT  \\$a8456$b40$c20080103$lBLL01$h1406
=CAT  \\$a8456$b40$c20080103$lBLL01$h1426
=CAT  \\$aBATCH-CLA$b00$c20080829$lBLL01$h1850
=CAT  \\$aBATCH-UPD$b00$c20080930$lBLL01$h2327
=CAT  \\$aBATCH$b00$c20081001$lBLL01$h0047
=CAT  \\$aBATCH-UPD$b00$c20090220$lBLL01$h0827
=CAT  \\$aBATCH$b00$c20091209$lBLL01$h0253
=CAT  \\$aBATCH-UPD$b00$c20101201$lBLL01$h1219
=CAT  \\$aIPL-CLA$c20101231$lBLL01$h1239
=CAT  \\$aBATCH-UPD$b00$c20110907$lBLL01$h1800
=CAT  \\$aIPL-CLA$c20110908$lBLL01$h1715
=CAT  \\$aBATCH-CLA$b00$c20121104$lBLL01$h1021
=CAT  \\$aW2011-1473$b00$c20201124$lBLL01$h1832
=CFI  0\$aBritish Library not licensed to copy$c0$e07-sep-2011$hC$iTX$5Uk
=CFI  2\$aPrevious copyright fee: GBP10.50$c0$e01-jan-2011$fGBP10.50$g0$hA$5Uk
=FIN  \\$aY
=FMT  \\$a  SE
=LAS  \\$aW2011-1473$b00$c20201124$lBLL01$h1832
=LEO  \\$aMP25.0000090787
=SRC  \\$aSRI01$bbibmp25.200404.2.aa
=TCO  \\$aXXX$c008

