=LDR  05781 as a2201165ui 4500
=001  008890798
=003  Uk
=005  20201124183203.0
=007  ta
=008  791016d19531966xr\br\p\\\\\\\0\\\c0mul\\
=019  0\$as235161004
=019  c\$a2190651
=040  \\$aUk$cUk$dUk
=041  0\$aeng$bfre$bger$brus
=082  04$a520.5$222
=084  \\$aOT 00$2blsrissc
=245  00$aBi︠u︡lletenʹ astronomicheskikh institutov Chekhoslovakii =$bBulletin of the astronomical institutes of Czechoslovakia.
=246  31$aBulletin of the astronomical institutes of Czechoslovakia
=260  \\$aPraha :$bAstrofysikální observatoř Ondřejov v Nakladatelství Československá akademie věd,$c1953-1966.
=300  \\$a19 v. :$bill. ;$c30 cm.
=310  \\$aBimonthly
=336  \\$atext$2rdacontent
=337  \\$aunmediated$2rdamedia
=338  \\$avolume$2rdacarrier
=362  0\$aT. 4, no. 1 (1 febr. 1953 g.)-t. 17, no. 6 (1966).
=500  \\$aIssued by the Astronomický ústav of the ČSAV.
=540  \\$aBritish Library not licensed to copy$c0$5Uk
=546  \\$aMainly in English.
=546  \\$aEnglish, Russian, French, and German.
=650  \0$aAstronomy$vPeriodicals.
=710  2\$aČeskoslovenská akademie věd.$bAstrofysikální observatoř.
=775  0\$tČasopis československých ústavů astronomických
=780  00$tBulletin of the Central Astronomical Institutes of Czechoslovakia
=785  00$tBulletin of the astronomical institutes of Czechoslovakia$x0004-6248
=852  71$aBritish Library$bSTI$k(P)$hOT 00$m-E(25)$2blsrissc$31952-1991; Tom 3 - tom 42, no.5. ; Deficient: tom 42, no.2
=852  49$aBritish Library$bDSC$3See shelfmark 2406.500000
=968  \\$bx
=975  \\$ad
=985  \\$aRecord merged by DQ team
=985  \\$aUpgraded by BSS-generated file for WR2011-1473
=ACF  \\$aPrevious Copyright Fee: GBP20.00$c0$e01-apr-2010$fGBP20.00$g0$hC$5Uk
=ACF  \\$aPrevious Copyright Fee: GBP20.00$c0$e01-Jan-2010$fGBP20.00$g0$hC$5Uk
=ACF  \\$aPrevious Copyright Fee: GBP20.00$c0$e01-oct-2009$fGBP20.00$g0$hC$5Uk
=ACF  \\$aPrevious Copyright Fee: GBP20.00$c0$e01-jul-2009$fGBP20.00$g0$hC$5Uk
=ACF  \\$aPrevious Copyright Fee: GBP20.00$c0$e01-apr-2009$fGBP20.00$g0$hC$5Uk
=ACF  \\$aPrevious Copyright Fee: GBP20.00$c0$e01-jan-2009$fGBP20.00$g0$hC$5Uk
=ACF  \\$aPrevious Copyright Fee: GBP19.00$c0$e01-oct-2008$fGBP19.00$g0$hC$5Uk
=ACF  \\$aPrevious Copyright Fee: GBP19.00$c0$e01-jul-2008$fGBP19.00$g0$hC$5Uk
=ACF  \\$aPrevious Copyright Fee: GBP19.00$c0$e01-apr-2008$fGBP19.00$g0$hC$5Uk
=ACF  \\$aPrevious Copyright Fee: GBP19.00$c0$e01-jan-2008$fGBP19.00$g0$hC$5Uk
=ACF  \\$aPrevious Copyright Fee: GBP18.00$c0$e01-oct-2007$fGBP18.00$g0$hC$5Uk
=ACF  \\$aPrevious Copyright Fee: GBP18.00$c0$e01-jul-2007$fGBP18.00$g0$hC$5Uk
=ACF  \\$aPrevious Copyright Fee: GBP18.00$c0$e01-apr-2007$fGBP18.00$g0$hC$5Uk
=ACF  \\$aPrevious Copyright Fee: GBP18.00$c0$e01-jan-2007$fGBP18.00$g0$hC$5Uk
=ACF  \\$aPrevious Copyright Fee: GBP18.00$c0$e01-oct-2006$fGBP18.00$g0$hC$5Uk
=ACF  \\$aPrevious Copyright Fee: GBP18.00$c0$e01-jul-2006$fGBP18.00$g0$hC$5Uk
=ACF  \\$aPrevious Copyright Fee: GBP18.00$c0$e01-apr-2006$fGBP18.00$g0$hC$5Uk
=ACF  \\$aPrevious Copyright Fee: GBP18.00$c0$e01-jan-2006$fGBP18.00$g0$hC$5Uk
=ACF  \\$aPrevious Copyright Fee: GBP18.00$c0$e01-oct-2005$fGBP18.00$g0$hC$5Uk
=ACF  \\$aPrevious Copyright Fee: GBP18.00$c0$e01-jul-2005$fGBP18.00$g0$hC$5Uk
=ACF  \\$aPrevious Copyright Fee: GBP18.00$c0$e01-apr-2005$fGBP18.00$g0$hC$5Uk
=ACF  \\$aPrevious Copyright Fee: GBP18.00$c0$e01-jan-2005$fGBP18.00$g0$hC$5Uk
=ACF  \\$aPrevious Copyright Fee: GBP20.00$c0$e01-oct-2004$fGBP20.00$g0$hC$5Uk
=CAT  \\$aCONV$b00$c20040425$lBLL90$h0853
=CAT  \\$aBATCH-CLA$b00$c20090529$lBLL01$h1725
=CAT  \\$aBATCH-UPD$b00$c20090701$lBLL01$h1947
=CAT  \\$aBATCH-UPD$b00$c20090701$lBLL01$h2028
=CAT  \\$aBATCH$b00$c20090701$lBLL01$h2049
=CAT  \\$aBATCH-CLA$b00$c20090828$lBLL01$h1519
=CAT  \\$aBATCH-UPD$b00$c20090930$lBLL01$h2109
=CAT  \\$aBATCH-UPD$b00$c20090930$lBLL01$h2149
=CAT  \\$aBATCH$b00$c20090930$lBLL01$h2211
=CAT  \\$aBATCH-CLA$b00$c20091130$lBLL01$h1633
=CAT  \\$aBATCH$b00$c20091209$lBLL01$h0253
=CAT  \\$aBATCH-UPD$b00$c20091231$lBLL01$h1747
=CAT  \\$aBATCH-UPD$b00$c20091231$lBLL01$h1819
=CAT  \\$aBATCH$b00$c20091231$lBLL01$h1838
=CAT  \\$aBATCH-CLA$b00$c20100224$lBLL01$h1219
=CAT  \\$a8201$b40$c20100316$lBLL01$h1227
=CAT  \\$aBATCH-UPD$b40$c20100331$lBLL01$h2122
=CAT  \\$aBATCH-UPD$b40$c20100401$lBLL01$h0056
=CAT  \\$aBATCH$b00$c20100401$lBLL01$h0405
=CAT  \\$aBATCH$b00$c20100401$lBLL01$h1414
=CAT  \\$aBATCH-UPD$b00$c20101201$lBLL01$h1219
=CAT  \\$aIPL-CLA$c20101231$lBLL01$h1239
=CAT  \\$aBATCH-UPD$b00$c20110907$lBLL01$h1800
=CAT  \\$aIPL-CLA$c20110908$lBLL01$h1715
=CAT  \\$aBATCH-CLA$b00$c20121104$lBLL01$h1021
=CAT  \\$aW2011-1473$b00$c20201124$lBLL01$h1832
=CFI  0\$aBritish Library not licensed to copy$c0$e07-sep-2011$hC$iTX$5Uk
=CFI  2\$aPrevious copyright fee: GBP10.50$c0$e01-jan-2011$fGBP10.50$g0$hA$5Uk
=FIN  \\$aY
=FMT  \\$a  SE
=LAS  \\$aW2011-1473$b00$c20201124$lBLL01$h1832
=LEO  \\$aMP10.0000101338
=LEO  \\$aMP25.0000091461
=LKR  \\$aPAR$b011113004$lBLL01$r78500$mBi︠u︡lletenʹ astronomicheskikh institutov Chekhoslovakii = Bulletin of the astronomical institutes of Czechoslovakia.$nBulletin of the astronomical institutes of Czechoslovakia
=SRC  \\$aDSS01$bbibmp10.200404.2.aa
=SRC  \\$aSRI01$bbibmp25.200404.2.aa
=TCO  \\$aXXX$c008

