=LDR  01916 as a2200553 a 4500
=001  008891004
=003  Uk
=005  20201124183203.0
=007  ta
=008  760630d19461975xr\mr\p\\\\\\\0\\\b0cze\\
=019  0\$as23536200x
=022  0\$a0029-8204$y1210-258X
=040  \\$aUk$cUk$dUk
=041  0\$acze$beng$bger$brus
=082  04$a333.72$221
=084  \\$aCC 30$2blsrissc
=245  00$aOchrana přírody.
=246  33$aJournal of the State Nature Conservancy
=246  33$aNaturae tutela
=246  33$aNaturschutz (Prague)
=260  \\$aPraha$c1946-
=260  \\$aPraha :$bEnvirons,$c1957-1975 .
=300  \\$c29 cm.
=310  \\$aMonthly
=336  \\$atext$2rdacontent
=337  \\$aunmediated$2rdamedia
=338  \\$avolume$2rdacarrier
=362  0\$a1.1946 - 30.1975.
=500  \\$aIssued by the Státní ústav památkové péče a ochrany přirody.
=546  \\$aSummaries in English from ročník 18.
=710  2\$aStátní ústav památkové péče a ochrany přirody.
=785  00$tPamátky a pr̆íroda
=852  49$aBritish Library$bDSC$3See shelfmark 6234.889000 for Roc. 12(5), 1957- 30, 1975
=852  71$aBritish Library$bSTI$k(P)$hCC 30$m-R(2)$2blsrissc$3Roc̆. 12, 1957-30, 1975 ; 47- ; Deficient: roc̆.18 c̆ís 4-6, 9
=985  \\$aRecord enhanced by DQ team
=985  \\$aUpgraded by BSS-generated file for WR2011-1473
=CAT  \\$aCONV$b00$c20040425$lBLL90$h0853
=CAT  \\$aCONV$b00$c20040502$lBLL01$h1307
=CAT  \\$aglobal_upd$b40$c20060417$lBLL01$h1653
=CAT  \\$a8456$b40$c20081223$lBLL01$h1149
=CAT  \\$a8456$b40$c20081223$lBLL01$h1155
=CAT  \\$aBATCH$b00$c20091209$lBLL01$h0253
=CAT  \\$aW2011-1473$b00$c20201124$lBLL01$h1832
=FIN  \\$aY
=FMT  \\$a  SE
=LAS  \\$aW2011-1473$b00$c20201124$lBLL01$h1832
=LEO  \\$aMP25.0000091738
=SRC  \\$aSRI01$bbibmp25.200404.2.aa
=TCO  \\$aXXX$c008

