=LDR  02220 as a2200577 a 4500
=001  008891708
=003  Uk
=005  20081120113520.0
=007  ta
=008  810203d19661967mouar\p\\\\\\\1\\\a0eng\\
=019  0\$as236051008
=022  \\$a0473-775X
=040  \\$aUk$cUk$dUk
=082  0\$a617.706105
=084  \\$aGV 22$2blsrissc
=222  \0$aOcular therapy, complications and management
=245  00$aOcular therapy.$pcomplications and management.
=260  \\$aSt. Louis, Mo. :$bMosby,$c1966-1967.
=300  \\$a2 v.$bill.$c26 cm.
=310  \\$aAnnual
=336  \\$atext$2rdacontent
=337  \\$aunmediated$2rdamedia
=338  \\$avolume$2rdacarrier
=362  0\$av. [1]-2; 1966-67.
=500  \\$a"From symposia on ocular drug complications and management held under the auspices of the American Academy of Ophthalmology and Otolaryngology" 1964-66.
=510  2\$aChemical abstracts$x0009-2258
=540  \\$aBritish Library not licensed to copy$c0$5Uk
=650  \0$aTherapeutics, Ophthalmological$vCongresses.
=650  \0$aEye$xDiseases$xChemotherapy$vCongresses.
=650  \0$aOcular pharmacology$vCongresses.
=710  2\$aAmerican Academy of Ophthalmology and Otolaryngology.
=710  2\$aAssociation for Research in Ophthalmology.
=785  00$aSymposium on Ocular Therapy.$tSymposium on Ocular Therapy$x0082-0873
=852  49$aBritish Library$bDSC$3See shelfmark 6235.155000 for stock Vol. 1, 1966-2, 1967
=852  71$aBritish Library$bSTI$k(P)$hGV 22$m-E(1)$2blsrissc$3Vol. 2, 1967
=985  \\$aRecord enhanced by DQ team
=CAT  \\$aCONV$b00$c20040425$lBLL90$h0853
=CAT  \\$aCONV$b00$c20040502$lBLL01$h1307
=CAT  \\$a8456$b40$c20081120$lBLL01$h1124
=CAT  \\$a8456$b40$c20081120$lBLL01$h1135
=CAT  \\$aBATCH$b00$c20091209$lBLL01$h0253
=CAT  \\$aBATCH-CLA$b00$c20121130$lBLL01$h1238
=CAT  \\$aIPL-CLA$c20121231$lBLL01$h1248
=CAT  \\$aIPL-CLA$c20130102$lBLL01$h1651
=CFI  0\$aBritish Library not licensed to copy$c0$e01-jan-2013$hC$iCFP Excluded$5Uk
=FIN  \\$aY
=FMT  \\$a  SE
=LAS  \\$aIPL-CLA$b00$c20130102$lBLL01$h1651
=LEO  \\$aMP25.0000092557
=SRC  \\$aSRI01$bbibmp25.200404.2.aa
=TCO  \\$aTRS$bCCC$c008

