=LDR  07240cas a2201393 a 4500
=001  008892112
=003  Uk
=005  20211231171256.0
=007  ta
=008  801202d19601977xxumr\p\\\\\\\0\\\a0eng\\
=019  0\$as236969005
=022  0\$a0003-1461$l0003-1461$21
=040  \\$aUk$cUk$dUk
=082  04$a635.04$223
=084  \\$aDW 769$2blsrissc
=210  0\$aAm. veg. grow.$b(1960)
=222  \0$aAmerican vegetable grower$b(1960)
=245  00$aAmerican vegetable grower.
=260  \\$aWilloughby, Ohio :$bMeister,$c1960-1977.
=300  \\$c29 cm.
=310  \\$aMonthly
=336  \\$atext$2rdacontent
=337  \\$aunmediated$2rdamedia
=338  \\$avolume$2rdacarrier
=362  0\$av. 8, no. 2-v. 25, no. 11; Feb. 1960-Nov. 1977.
=540  \\$aCurrent Copyright Fee: GBP2.17$c0$5Uk
=650  \0$aVegetables$vPeriodicals.
=780  00$tAmerican vegetable grower and market grower's journal
=785  00$tAmerican vegetable grower and greenhouse grower$x0161-8946
=852  71$aBritish Library$bSTI$k(P)$hDW 769$m-E(1)$2blsrissc$3Vol. 17, no. 7 (1969)-[v. 25, no. 11 (1977)]
=852  49$aBritish Library$bDSC$3See shelfmark 0858.100000 for vol. 11, no. 1 (Jan. 1963)-
=968  \\$bx
=ACF  \\$aPrevious Copyright Fee: GBP1.94$c0$e01-apr-2012$fGBP1.94$g0$hC$5Uk
=ACF  \\$aPrevious Copyright Fee: GBP1.80$c0$e01-jan-2012$fGBP1.80$g0$hC$5Uk
=ACF  \\$aPrevious Copyright Fee: GBP1.80$c0$e01-oct-2011$fGBP1.80$g0$hC$5Uk
=ACF  \\$aPrevious Copyright Fee: GBP1.80$c0$e01-jul-2011$fGBP1.80$g0$hC$5Uk
=ACF  \\$aPrevious Copyright Fee: GBP1.80$c0$e01-apr-2011$fGBP1.80$g0$hC$5Uk
=ACF  \\$aPrevious Copyright Fee: GBP1.80$c0$e01-jan-2011$fGBP1.80$g0$hC$5Uk
=ACF  \\$aPrevious Copyright Fee: GBP1.80$c0$e01-oct-2010$fGBP1.80$g0$hC$5Uk
=ACF  \\$aPrevious Copyright Fee: GBP1.80$c0$e01-jul-2010$fGBP1.80$g0$hC$5Uk
=ACF  \\$aPrevious Copyright Fee: GBP1.80$c0$e01-apr-2010$fGBP1.80$g0$hC$5Uk
=ACF  \\$aPrevious Copyright Fee: GBP1.80$c0$e01-Jan-2010$fGBP1.80$g0$hC$5Uk
=ACF  \\$aPrevious Copyright Fee: GBP1.80$c0$e01-oct-2009$fGBP1.80$g0$hC$5Uk
=ACF  \\$aPrevious Copyright Fee: GBP2.14$c0$e01-jul-2009$fGBP2.14$g0$hC$5Uk
=ACF  \\$aPrevious Copyright Fee: GBP2.14$c0$e01-apr-2009$fGBP2.14$g0$hC$5Uk
=ACF  \\$aPrevious Copyright Fee: GBP1.88$c0$e01-jan-2009$fGBP1.88$g0$hC$5Uk
=ACF  \\$aPrevious Copyright Fee: GBP1.50$c0$e01-oct-2008$fGBP1.50$g0$hC$5Uk
=ACF  \\$aPrevious Copyright Fee: GBP1.50$c0$e01-jul-2008$fGBP1.50$g0$hC$5Uk
=ACF  \\$aPrevious Copyright Fee: GBP1.50$c0$e01-apr-2008$fGBP1.50$g0$hC$5Uk
=ACF  \\$aPrevious Copyright Fee: GBP1.50$c0$e01-jan-2008$fGBP1.50$g0$hC$5Uk
=ACF  \\$aPrevious Copyright Fee: GBP1.50$c0$e01-oct-2007$fGBP1.50$g0$hC$5Uk
=ACF  \\$aPrevious Copyright Fee: GBP1.50$c0$e01-jul-2007$fGBP1.50$g0$hC$5Uk
=ACF  \\$aPrevious Copyright Fee: GBP1.54$c0$e01-apr-2007$fGBP1.54$g0$hC$5Uk
=ACF  \\$aPrevious Copyright Fee: GBP1.62$c0$e01-jan-2007$fGBP1.62$g0$hC$5Uk
=ACF  \\$aPrevious Copyright Fee: GBP1.62$c0$e01-oct-2006$fGBP1.62$g0$hC$5Uk
=ACF  \\$aPrevious Copyright Fee: GBP1.71$c0$e01-jul-2006$fGBP1.71$g0$hC$5Uk
=ACF  \\$aPrevious Copyright Fee: GBP1.71$c0$e01-apr-2006$fGBP1.71$g0$hC$5Uk
=ACF  \\$aPrevious Copyright Fee: GBP1.67$c0$e01-jan-2006$fGBP1.67$g0$hC$5Uk
=ACF  \\$aPrevious Copyright Fee: GBP1.62$c0$e01-oct-2005$fGBP1.62$g0$hC$5Uk
=ACF  \\$aPrevious Copyright Fee: GBP1.62$c0$e01-jul-2005$fGBP1.62$g0$hC$5Uk
=ACF  \\$aPrevious Copyright Fee: GBP1.62$c0$e01-apr-2005$fGBP1.62$g0$hC$5Uk
=ACF  \\$aPrevious Copyright Fee: GBP1.67$c0$e01-jan-2005$fGBP1.67$g0$hC$5Uk
=ACF  \\$aPrevious Copyright Fee: GBP1.62$c0$e01-oct-2004$fGBP1.62$g0$hC$5Uk
=ACF  \\$aPrevious Copyright Fee: GBP1.82$c0$e01-jul-2012$fGBP1.82$g0$hC$5Uk
=ACF  \\$aPrevious Copyright Fee: GBP1.94$c0$e01-oct-2012$fGBP1.94$g0$hC$5Uk
=ACF  \\$aPrevious Copyright Fee: GBP1.88$c0$e01-jan-2013$fGBP1.88$g0$hC$5Uk
=ACF  \\$aPrevious Copyright Fee: GBP1.94$c0$e01-jul-2013$fGBP1.94$g0$hC$5Uk
=ACF  \\$aPrevious Copyright Fee: GBP1.80$c0$e01-oct-2013$fGBP1.80$g0$hC$5Uk
=ACF  \\$aPrevious Copyright Fee: GBP1.88$c0$e01-jan-2014$fGBP1.88$g0$hC$5Uk
=ACF  \\$aPrevious Copyright Fee: GBP1.82$c0$e01-jul-2014$fGBP1.82$g0$hC$5Uk
=ACF  \\$aPrevious Copyright Fee: GBP0.61$c0$e01-jan-2015$fGBP0.61$g0$hC$5Uk
=ACF  \\$aPrevious Copyright Fee: GBP0.67$c0$e01-apr-2015$fGBP0.67$g0$hC$5Uk
=ACF  \\$aPrevious Copyright Fee: GBP0.65$c0$e01-oct-2015$fGBP0.65$g0$hC$5Uk
=ACF  \\$aPrevious Copyright Fee: GBP0.69$c0$e01-apr-2016$fGBP0.69$g0$hC$5Uk
=ACF  \\$aPrevious Copyright Fee: GBP0.74$c0$e01-oct-2016$fGBP0.74$g0$hC$5Uk
=ACF  \\$aPrevious Copyright Fee: GBP0.80$c0$e01-apr-2017$fGBP0.80$g0$hC$5Uk
=ACF  \\$aPrevious Copyright Fee: GBP0.76$c0$e01-oct-2017$fGBP0.76$g0$hC$5Uk
=ACF  \\$aPrevious Copyright Fee: GBP0.77$c0$e01-jan-2018$fGBP0.77$g0$hC$5Uk
=ACF  \\$aPrevious Copyright Fee: GBP0.71$c0$e01-apr-2018$fGBP0.71$g0$hC$5Uk
=ACF  \\$aPrevious Copyright Fee: GBP0.77$c0$e01-oct-2018$fGBP0.77$g0$hC$5Uk
=ACF  \\$aPrevious Copyright Fee: GBP0.80$c0$e01-oct-2019$fGBP0.80$g0$hC$5Uk
=ACF  \\$aPrevious Copyright Fee: GBP0.77$c0$e01-apr-2020$fGBP0.77$g0$hC$5Uk
=ACF  \\$aPrevious Copyright Fee: GBP0.80$c0$e01-jul-2020$fGBP0.80$g0$hC$5Uk
=ACF  \\$aPrevious Copyright Fee: GBP0.74$c0$e01-apr-2021$fGBP0.74$g0$hC$5Uk
=ACF  \\$aPrevious Copyright Fee: GBP0.72$c0$e01-jul-2021$fGBP0.72$g0$hC$5Uk
=CAT  \\$aCONV$b00$c20040425$lBLL90$h0853
=CAT  \\$aIPL-CLA$c20160930$lBLL01$h1547
=CAT  \\$aBATCH-CLA$b00$c20170228$lBLL01$h1628
=CAT  \\$aIPL-CLA$c20170331$lBLL01$h1830
=CAT  \\$aBATCH-CLA$b00$c20170831$lBLL01$h1625
=CAT  \\$aIPL-CLA$c20170929$lBLL01$h1712
=CAT  \\$aBATCH-CLA$b00$c20171130$lBLL01$h1651
=CAT  \\$aIPL-CLA$c20171231$lBLL01$h1420
=CAT  \\$aBATCH-CLA$b00$c20180228$lBLL01$h1639
=CAT  \\$aIPL-CLA$c20180331$lBLL01$h1601
=CAT  \\$aBATCH-CLA$b00$c20180831$lBLL01$h1625
=CAT  \\$aIPL-CLA$c20180930$lBLL01$h1453
=CAT  \\$aBATCH-CLA$b00$c20190909$lBLL01$h1719
=CAT  \\$aIPL-CLA$c20190930$lBLL01$h1629
=CAT  \\$aBATCH-CLA$b00$c20200228$lBLL01$h1637
=CAT  \\$aIPL-CLA$c20200331$lBLL01$h1605
=CAT  \\$aBATCH-CLA$b00$c20200529$lBLL01$h1531
=CAT  \\$aIPL-CLA$c20200701$lBLL01$h0046
=CAT  \\$aBATCH-CLA$b00$c20210227$lBLL01$h1006
=CAT  \\$aIPL-CLA$c20210331$lBLL01$h1835
=CAT  \\$aBATCH-CLA$b00$c20210528$lBLL01$h1523
=CAT  \\$aIPL-CLA$c20210704$lBLL01$h1113
=CAT  \\$aBATCH-CLA$b00$c20210917$lBLL01$h1600
=CAT  \\$aIPL-CLA$c20210930$lBLL01$h1645
=CAT  \\$aBATCH-CLA$b00$c20211203$lBLL01$h0811
=CAT  \\$aIPL-CLA$c20211231$lBLL01$h1712
=CFI  0\$aCurrent Copyright Fee: GBP2.17$c0$e01-jan-2022$fGBP2.17$g0$hC$5Uk
=CFI  2\$aPrevious Copyright Fee: GBP0.71$c0$e01-oct-2021$fGBP0.71$g0$hC$5Uk
=FIN  \\$aY
=FMT  \\$a  SE
=LAS  \\$aIPL-CLA$b00$c20211231$lBLL01$h1712
=LEO  \\$aMP25.0000092991
=SRC  \\$aSRI01$bbibmp25.200404.2.aa
=TCO  \\$aTRS$bCCC$c008

