=LDR  02341 as a2200553 a 4500
=001  008893725
=003  Uk
=005  20201124183208.0
=007  ta
=008  830621d19621963fr\ar\p\\\\\\\0\\\b0fre\\
=019  0\$as239544005
=022  \\$a0150-6773
=040  \\$aUk$cUk$dUk
=041  0\$afre$beng$bger$brus
=084  \\$aER 00$2blsrissc
=130  0\$aAnnales scientifiques de l'Université de Besançon.$pZoologie (1962)
=245  00$aAnnales scientifiques de l'Université de Besançon.$pZoologie.
=246  30$aZoologie
=260  \\$aBesançon :$bInstitut des sciences naturelles,$c1962-1963.
=300  \\$a2 v. :$bill. ;$c25 cm.
=310  \\$aAnnual
=336  \\$atext$2rdacontent
=337  \\$aunmediated$2rdamedia
=338  \\$avolume$2rdacarrier
=362  0\$a2e sér., fasc. 17 (1962)-2e sér., fasc. 18 (1963).
=546  \\$aSummaries in English.
=650  \0$aZoology$vPeriodicals.
=710  2\$aUniversité de Besançon.$bInstitut des sciences naturelles.
=780  00$tAnnales scientifiques de l'Université de Besançon. Zoologie et physiologie (1950)$x0365-656X
=785  00$tAnnales scientifiques de l'Université de Besançon. Zoologie et physiologie (1964)$x0150-6765
=852  49$aBritish Library$bDSC$3See shelfmark 1000.992000 for 2e sér., fasc. 17 (1962)-2e sér., fasc. 18 (1963)
=852  71$aBritish Library$bSTI$k(P)$hER 00$m-F(21)$2blsrissc$32e sér., fasc. 17 (1962)-2e sér., fasc. 18 (1963)
=886  2\$2blmarc$a029$b00$aS239544013
=985  \\$aRecord enhanced by DQ team
=985  \\$aUpgraded by BSS-generated file for WR2011-1473
=CAT  \\$aCONV$b00$c20040425$lBLL90$h0853
=CAT  \\$aCONV$b00$c20040502$lBLL01$h1307
=CAT  \\$a8456$b40$c20071218$lBLL01$h1520
=CAT  \\$a8456$b40$c20071218$lBLL01$h1547
=CAT  \\$aBATCH-UPD$b40$c20081225$lBLL01$h2306
=CAT  \\$aBATCH$b00$c20091209$lBLL01$h0253
=CAT  \\$aW2011-1473$b00$c20201124$lBLL01$h1832
=FIN  \\$aY
=FMT  \\$a  SE
=LAS  \\$aW2011-1473$b00$c20201124$lBLL01$h1832
=LEO  \\$aMP25.0000094820
=LKR  \\$aPAR$b000302071$lBLL01$r78000$mAnnales scientifiques de l'Université de Besançon. Zoologie (1962)$nAnnales scientifiques de l'Université de Besançon. Zoologie et physiologie (1950)
=SRC  \\$aSRI01$bbibmp25.200404.2.aa
=TCO  \\$aFRA$bCFC$c008

