=LDR  04487 as a2200973 a 4500
=001  008893788
=003  Uk
=005  20080506161549.0
=007  ta
=008  951013d1925196uno\\xzm\a\\\\\0\\\b0nor\\
=019  0\$as239614003
=022  0\$a0029-2338
=040  \\$aUk$cUk$dUk
=084  \\$aBX 80$2blsrissc
=210  0\$aSkr. Nor. vidensk.-akad. Oslo, I, Math.-naturvidensk. kl.
=222  \0$aSkrifter utgitt av det Norske videnskaps-akademi i Oslo, I, Mathematik-naturvidenskapelig klasse
=245  00$aSkrifter utgitt av det Norske videnskaps-akademi i Oslo.$n1,$pMatematisk-naturvidenskapelig klasse.
=246  30$aMatematisk-naturvidenskapelig klasse
=260  \\$aOslo :$bUniversitetsforlaget
=300  \\$av. :$bill. ;$c28 cm.
=336  \\$atext$2rdacontent
=337  \\$aunmediated$2rdamedia
=338  \\$avolume$2rdacarrier
=500  \\$aPublisher varies.
=540  \\$aBritish Library not licensed to copy$c0$5Uk
=546  \\$aIn Norwegian, German or English.
=650  \0$aScience.
=650  \0$aNatural history.
=650  \0$aMathematics.
=710  2\$aNorske videnskaps-akademi i Oslo.$bI--Mat.-naturv. klasse.
=780  00$tSkrifter - Videnskapsselskapet i Kristiania. I. Matematisk-naturvitenskapelig klasse$x0801-2083
=785  00$tSkrifter - Det Norske videnskaps-akademi i Oslo. I, Mat.-naturv. klasse. Ny serie$x0801-2385
=852  49$aBritish Library$bDSC$3See shelfmark 8306.000000 for 1932- 1957 *A=3
=852  71$aBritish Library$bSTI$k(P)$hBX 80$m-E(99)$2blsrissc$3No. 1 (1930)-(1974)***UKRR Retained Title
=968  \\$bX
=ACF  \\$aPrevious Copyright Fee: GBP0.50$c0$e01-apr-2008$fGBP0.50$g0$hC$5Uk
=ACF  \\$aPrevious Copyright Fee: GBP0.50$c0$e01-jan-2008$fGBP0.50$g0$hC$5Uk
=ACF  \\$aPrevious Copyright Fee: GBP0.50$c0$e01-oct-2007$fGBP0.50$g0$hC$5Uk
=ACF  \\$aPrevious Copyright Fee: GBP0.50$c0$e01-jul-2007$fGBP0.50$g0$hC$5Uk
=ACF  \\$aPrevious Copyright Fee: GBP0.51$c0$e01-apr-2007$fGBP0.51$g0$hC$5Uk
=ACF  \\$aPrevious Copyright Fee: GBP0.54$c0$e01-jan-2007$fGBP0.54$g0$hC$5Uk
=ACF  \\$aPrevious Copyright Fee: GBP0.54$c0$e01-oct-2006$fGBP0.54$g0$hC$5Uk
=ACF  \\$aPrevious Copyright Fee: GBP0.57$c0$e01-jul-2006$fGBP0.57$g0$hC$5Uk
=ACF  \\$aPrevious Copyright Fee: GBP0.57$c0$e01-apr-2006$fGBP0.57$g0$hC$5Uk
=ACF  \\$aPrevious Copyright Fee: GBP0.56$c0$e01-jan-2006$fGBP0.56$g0$hC$5Uk
=ACF  \\$aPrevious Copyright Fee: GBP0.54$c0$e01-oct-2005$fGBP0.54$g0$hC$5Uk
=ACF  \\$aPrevious Copyright Fee: GBP0.54$c0$e01-jul-2005$fGBP0.54$g0$hC$5Uk
=ACF  \\$aPrevious Copyright Fee: GBP0.54$c0$e01-apr-2005$fGBP0.54$g0$hC$5Uk
=ACF  \\$aPrevious Copyright Fee: GBP0.56$c0$e01-jan-2005$fGBP0.56$g0$hC$5Uk
=ACF  \\$aPrevious Copyright Fee: GBP0.54$c0$e01-oct-2004$fGBP0.54$g0$hC$5Uk
=CAT  \\$aCONV$b00$c20040425$lBLL90$h0853
=CAT  \\$aBATCH-UPD$b00$c20070330$lBLL01$h2152
=CAT  \\$aBATCH$b00$c20070330$lBLL01$h2240
=CAT  \\$aBATCH-CLA$b00$c20070604$lBLL01$h1619
=CAT  \\$aBATCH-UPD$b00$c20070629$lBLL01$h2208
=CAT  \\$aBATCH-UPD$b00$c20070629$lBLL01$h2344
=CAT  \\$aBATCH$b00$c20070630$lBLL01$h0154
=CAT  \\$aBATCH-CLA$b00$c20070831$lBLL01$h1706
=CAT  \\$aBATCH-UPD$b00$c20070928$lBLL01$h2228
=CAT  \\$aBATCH-UPD$b00$c20070928$lBLL01$h2354
=CAT  \\$aBATCH$b00$c20070929$lBLL01$h0126
=CAT  \\$aBATCH-CLA$b00$c20071130$lBLL01$h1654
=CAT  \\$aBATCH-UPD$b00$c20071231$lBLL01$h1954
=CAT  \\$aBATCH-UPD$b00$c20071231$lBLL01$h2112
=CAT  \\$aBATCH$b00$c20071231$lBLL01$h2218
=CAT  \\$aBATCH-CLA$b00$c20080222$lBLL01$h1704
=CAT  \\$aBATCH-UPD$b00$c20080330$lBLL01$h0310
=CAT  \\$aBATCH-UPD$b00$c20080330$lBLL01$h1200
=CAT  \\$aBATCH$b00$c20080330$lBLL01$h1932
=CAT  \\$a8201$b40$c20080506$lBLL01$h1615
=CAT  \\$aBATCH$b00$c20091209$lBLL01$h0253
=CAT  \\$aBATCH-UPD$b00$c20101201$lBLL01$h1219
=CAT  \\$aIPL-CLA$c20101231$lBLL01$h1239
=CAT  \\$aBATCH-UPD$b00$c20110907$lBLL01$h1800
=CAT  \\$aIPL-CLA$c20110908$lBLL01$h1715
=CAT  \\$aBATCH-CLA$b00$c20121104$lBLL01$h1021
=CFI  0\$aBritish Library not licensed to copy$c0$e07-sep-2011$hC$iTX$5Uk
=CFI  2\$aPrevious copyright fee: GBP10.50$c0$e01-jan-2011$fGBP10.50$g0$hA$5Uk
=FIN  \\$aY
=FMT  \\$a  SE
=LAS  \\$aBATCH-CLA$b00$c20121104$lBLL01$h1021
=LEO  \\$aMP25.0000094891
=SRC  \\$aSRI01$bbibmp25.200404.2.aa
=TCO  \\$aXXX$c008

