=LDR  01748 as a2200505 a 4500
=001  008894019
=003  Uk
=005  20071115165542.0
=007  ta
=008  841218d19241955cau\x\m\\\\\\\0\\\a0eng\\
=019  0\$as240061004
=019  c\$a2433803
=040  \\$aUk$cUk$dUk
=084  \\$aNX 099(C)$2blsrissc
=245  00$aStanford University publications.$pUniversity series.$pGeological sciences.
=246  10$aUniversity series.$pGeological sciences
=246  10$aGeological sciences
=260  \\$aStanford University, Calif. :$bThe University,$c1924-1955.
=300  \\$a5 v. :$bill., maps ;$c24-26 cm.
=310  \\$aIrregular
=336  \\$atext$2rdacontent
=337  \\$aunmediated$2rdamedia
=338  \\$avolume$2rdacarrier
=362  0\$aVol. 1, no. 1-v. 5.
=500  \\$aSize varies.
=580  \\$aContinued in 1959 by: Stanford University publications. Geological sciences.
=650  \0$aGeology.
=650  \0$aPaleontology.
=710  2\$aStanford University.
=785  00$tStanford University publications. Geological sciences$x0081-4350
=852  49$aBritish Library$bDSC$3See shelfmark 8434.000000 for 1924-1955
=852  71$aBritish Library$bSTI$k(P)$hNX 099$m(C) -E(2)$2blsrissc$31924-1955; Vol.1-5. ; Deficient: vol.6, no.1-2, 1959
=985  \\$aRecord merged by DQ team
=CAT  \\$aCONV$b00$c20040425$lBLL90$h0853
=CAT  \\$aCONV$b00$c20040502$lBLL01$h1307
=CAT  \\$a8456$b40$c20071115$lBLL01$h1655
=CAT  \\$aBATCH$b00$c20091209$lBLL01$h0253
=FIN  \\$aY
=FMT  \\$a  SE
=LAS  \\$aBATCH$b00$c20091209$lBLL01$h0253
=LEO  \\$aMP10.0000548922
=LEO  \\$aMP25.0000095164
=SRC  \\$aDSS01$bbibmp10.200404.2.aa
=SRC  \\$aSRI01$bbibmp25.200404.2.aa
=TCO  \\$aTRS$bCCC$c008

