=LDR  03881cas a2200937ui 4500
=001  008894227
=003  Uk
=005  20221231185939.0
=007  ta
=008  760423d19741985enkbx\p\\a\\\\0\\\a0eng\\
=019  0\$as240613031
=022  0\$a0305-1900$202
=040  \\$aUk$cUk$dUk
=042  \\$aissnuk
=082  04$a551.5
=084  \\$aNV 05$2blsrissc
=084  \\$aOM 05$2blsrissc
=084  \\$aOP 05$2blsrissc
=210  0\$aGeo abstr., B. Climatol. hydrol.
=222  \0$aGeo abstracts. B. Climatology and hydrology
=245  00$aGeo abstracts.$nB,$pClimatology and hydrology.
=246  30$aClimatology and hydrology
=260  \\$aNorwich :$bGeo Abstracts,$c1974-1985.
=300  \\$av. ;$c21 cm.
=310  \\$aSix issues yearly
=336  \\$atext$2rdacontent
=337  \\$aunmediated$2rdamedia
=338  \\$avolume$2rdacarrier
=362  0\$a1974/1-1985/6.
=500  \\$aLatest issue consulted: 1985/6.
=540  \\$aCurrent Copyright Fee: GBP25.00$c0$5Uk
=650  \0$aHydrology$vAbstracts$vPeriodicals.
=650  \0$aClimatology$vAbstracts$vPeriodicals.
=780  01$tGeo abstracts. B, Biogeography and climatology$x0143-9456
=785  00$tGeographical abstracts. B, Climatology and hydrology$x0268-7887
=852  49$aBritish Library$bDSC$3see shelfmark 4116.740000 for 1972/1-1985/6
=852  71$aBritish Library$bSTI$k(A)$hNV 05$m-E(10)$2blsrissc$31974-1985; 1974-85. ; Deficient: 1981, no.5; 1982, no.3
=ACF  \\$aPrevious Copyright Fee: GBP19.00$c0$e01-oct-2008$fGBP19.00$g0$hC$5Uk
=ACF  \\$aPrevious copyright fee: GBP10.50$c0$e01-jan-2011$fGBP10.50$g0$hA$5Uk
=ACF  \\$aPrevious copyright fee: GBP12.00$c0$e01-jan-2012$fGBP12.00$g0$hA$5Uk
=ACF  \\$aPrevious Copyright Fee: GBP12.30$c0$e01-jan-2014$fGBP12.30$g0$hA$5Uk
=ACF  \\$aPrevious Copyright Fee: GBP15.00$c0$e01-jan-2017$fGBP15.00$g0$hA$5Uk
=ACF  \\$aPrevious Copyright Fee: GBP17.50$c0$e01-jan-2018$fGBP17.50$g0$hA$5Uk
=ACF  \\$aPrevious Copyright Fee: GBP20.00$c0$e01-jan-2020$fGBP20.00$g0$hA$5Uk
=CAT  \\$aCONV$b00$c20040425$lBLL90$h0853
=CAT  \\$a6550$b40$c20070719$lBLL01$h1452
=CAT  \\$a6550$b40$c20070719$lBLL01$h1453
=CAT  \\$a6550$b40$c20070719$lBLL01$h1702
=CAT  \\$aBATCH-CLA$b00$c20080829$lBLL01$h1849
=CAT  \\$aBATCH-UPD$b00$c20080930$lBLL01$h2327
=CAT  \\$aBATCH$b00$c20081001$lBLL01$h0047
=CAT  \\$aBATCH$b00$c20091209$lBLL01$h0253
=CAT  \\$aBATCH-UPD$b00$c20101201$lBLL01$h1219
=CAT  \\$aIPL-CLA$c20101231$lBLL01$h1239
=CAT  \\$aWR11_203$c20111204$lBLL01$h1323
=CAT  \\$aIPL-CLA$c20111230$lBLL01$h1741
=CAT  \\$aBATCH-CLA$b00$c20121104$lBLL01$h1021
=CAT  \\$aBATCH-CLA$c20131217$lBLL01$h1742
=CAT  \\$aIPL-CLA$c20131231$lBLL01$h1942
=CAT  \\$aBATCH-CLA$b00$c20161222$lBLL01$h1711
=CAT  \\$aIPL-CLA$c20161230$lBLL01$h1845
=CAT  \\$aBATCH-CLA$b00$c20171222$lBLL01$h2009
=CAT  \\$aIPL-CLA$c20171231$lBLL01$h1420
=CAT  \\$aBATCH-CLA$b00$c20191219$lBLL01$h1636
=CAT  \\$aIPL-CLA$c20191231$lBLL01$h1744
=CAT  \\$aR2001-1524$c20200127$lBLL01$h1931
=CAT  \\$aBATCH-CLA$b00$c20201204$lBLL01$h1432
=CAT  \\$aIPL-CLA$c20201231$lBLL01$h1944
=CAT  \\$aBATCH-CLA$b00$c20221221$lBLL01$h1737
=CAT  \\$aIPL-CLA$c20221231$lBLL01$h1859
=CFI  0\$aCurrent Copyright Fee: GBP25.00$c0$e01-jan-2023$fGBP25.00$g0$hA$5Uk
=CFI  2\$aPrevious Copyright Fee: GBP22.50$c0$e01-jan-2021$fGBP22.50$g0$hA$5Uk
=FIN  \\$aY
=FMT  \\$a  SE
=LAS  \\$aIPL-CLA$b00$c20221231$lBLL01$h1859
=LEO  \\$aMP22.0000018041
=LEO  \\$aMP25.0000095408
=LKR  \\$aPAR$b008894226$lBLL01$r78001$mGeo abstracts. B, Climatology and hydrology$nGeo abstracts. B, Biogeography and climatology
=SRC  \\$aISN01$bbibmp22.200404.2.aa
=SRC  \\$aSRI01$bbibmp25.200404.2.aa
=TCO  \\$aCLA$bCLA$c008

