=LDR  07431cas a2201417 a 4500
=001  008894806
=003  Uk
=005  20211231171257.0
=007  ta
=008  801118d19431949xxumr\p|||\\\|0\\\a0eng\\
=019  0\$as242118011
=019  c\$a2200941
=022  0\$a1047-7381
=040  \\$aUk$cUk$dUk
=082  10$a615$212
=084  \\$aEW 00$2blsrissc
=210  0\$aJ. immunol. virus-res. exp. chemother.
=222  \4$aThe Journal of immunology, virus-research & experimental chemotherapy
=245  00$aJournal of immunology, virus-research and experimental chemotherapy.
=260  \\$aBaltimore, Md :$bWilliams and Wilkins,$c1943-1949.
=300  \\$a18 v. ;$c26 cm.
=310  \\$aMonthly
=336  \\$atext$2rdacontent
=337  \\$aunmediated$2rdamedia
=338  \\$avolume$2rdacarrier
=362  0\$aVol. 46, no. 1 (Jan. 1943)-v. 63, no. 4 (Dec. 1949).
=500  \\$aPublished for the American Association of Immunologists.
=540  \\$aCurrent Copyright Fee: GBP27.38$c0$5Uk
=650  \0$aImmunology$vPeriodicals.
=650  \0$aImmunity$vPeriodicals.
=710  2\$aAmerican Association of Immunologists.
=780  00$tJournal of immunology (Baltimore, Md. : 1916)$x1048-3233
=785  00$tJournal of immunology (Baltimore, Md. : 1950)$x0022-1767
=852  49$aBritish Library$bDSC$3See shelfmark 5005.000000 for vol. 1, 1916- *A=1
=852  71$aBritish Library$bSTI$k(P)$hEW 00$m-E(11)$2blsrissc$31943-1949; Vol.46-63.
=945  \\$aJOURNAL OF IMMUNOLOGY VIRUS RESEARCH AND EXPERIMENTAL CHEMOTHERAPY.
=968  \\$aC
=985  \\$aRecord merged by DQ team
=ACF  \\$aPrevious Copyright Fee: GBP10.32$c0$e01-apr-2012$fGBP10.32$g0$hC$5Uk
=ACF  \\$aPrevious Copyright Fee: GBP9.60$c0$e01-jan-2012$fGBP9.60$g0$hC$5Uk
=ACF  \\$aPrevious Copyright Fee: GBP9.60$c0$e01-oct-2011$fGBP9.60$g0$hC$5Uk
=ACF  \\$aPrevious Copyright Fee: GBP9.60$c0$e01-jul-2011$fGBP9.60$g0$hC$5Uk
=ACF  \\$aPrevious Copyright Fee: GBP9.60$c0$e01-jan-2011$fGBP9.60$g0$hC$5Uk
=ACF  \\$aPrevious Copyright Fee: GBP9.60$c0$e01-oct-2010$fGBP9.60$g0$hC$5Uk
=ACF  \\$aPrevious Copyright Fee: GBP9.60$c0$e01-jul-2010$fGBP9.60$g0$hC$5Uk
=ACF  \\$aPrevious Copyright Fee: GBP9.60$c0$e01-apr-2010$fGBP9.60$g0$hC$5Uk
=ACF  \\$aPrevious Copyright Fee: GBP9.60$c0$e01-Jan-2010$fGBP9.60$g0$hC$5Uk
=ACF  \\$aPrevious Copyright Fee: GBP9.60$c0$e01-oct-2009$fGBP9.60$g0$hC$5Uk
=ACF  \\$aPrevious Copyright Fee: GBP9.29$c0$e01-jul-2009$fGBP9.29$g0$hC$5Uk
=ACF  \\$aPrevious Copyright Fee: GBP9.29$c0$e01-apr-2009$fGBP9.29$g0$hC$5Uk
=ACF  \\$aPrevious Copyright Fee: GBP8.13$c0$e01-jan-2009$fGBP8.13$g0$hC$5Uk
=ACF  \\$aPrevious Copyright Fee: GBP6.50$c0$e01-oct-2008$fGBP6.50$g0$hC$5Uk
=ACF  \\$aPrevious Copyright Fee: GBP6.50$c0$e01-jul-2008$fGBP6.50$g0$hC$5Uk
=ACF  \\$aPrevious Copyright Fee: GBP6.50$c0$e01-apr-2008$fGBP6.50$g0$hC$5Uk
=ACF  \\$aPrevious Copyright Fee: GBP6.50$c0$e01-jan-2008$fGBP6.50$g0$hC$5Uk
=ACF  \\$aPrevious Copyright Fee: GBP6.50$c0$e01-oct-2007$fGBP6.50$g0$hC$5Uk
=ACF  \\$aPrevious copyright fee: GBP5.00$c0$e01-jul-2002$fGBP5.00$g0$hA$5Uk
=ACF  \\$aCurrent copyright fee: GBP4.40$c0$e01-jul-1998$fGBP4.40$g0$hA$5Uk
=ACF  \\$aCurrent copyright fee: GBP4.20$c0$e01-apr-1997$fGBP4.20$g0$hA$5Uk
=ACF  \\$aPrevious Copyright Fee: GBP9.70$c0$e01-jul-2012$fGBP9.70$g0$hC$5Uk
=ACF  \\$aPrevious Copyright Fee: GBP10.32$c0$e01-oct-2012$fGBP10.32$g0$hC$5Uk
=ACF  \\$aPrevious Copyright Fee: GBP10.00$c0$e01-jan-2013$fGBP10.00$g0$hC$5Uk
=ACF  \\$aPrevious Copyright Fee: GBP10.32$c0$e01-jul-2013$fGBP10.32$g0$hC$5Uk
=ACF  \\$aPrevious Copyright Fee: GBP9.60$c0$e01-oct-2013$fGBP9.60$g0$hC$5Uk
=ACF  \\$aPrevious Copyright Fee: GBP10.00$c0$e01-jan-2014$fGBP10.00$g0$hC$5Uk
=ACF  \\$aPrevious Copyright Fee: GBP9.70$c0$e01-jul-2014$fGBP9.70$g0$hC$5Uk
=ACF  \\$aPrevious Copyright Fee: GBP15.15$c0$e01-oct-2014$fGBP15.15$g0$hC$5Uk
=ACF  \\$aPrevious Copyright Fee: GBP18.18$c0$e01-jan-2015$fGBP18.18$g0$hC$5Uk
=ACF  \\$aPrevious Copyright Fee: GBP20.00$c0$e01-apr-2015$fGBP20.00$g0$hC$5Uk
=ACF  \\$aPrevious Copyright Fee: GBP19.35$c0$e01-oct-2015$fGBP19.35$g0$hC$5Uk
=ACF  \\$aPrevious Copyright Fee: GBP20.69$c0$e01-apr-2016$fGBP20.69$g0$hC$5Uk
=ACF  \\$aPrevious Copyright Fee: GBP22.22$c0$e01-oct-2016$fGBP22.22$g0$hC$5Uk
=ACF  \\$aPrevious Copyright Fee: GBP24.00$c0$e01-apr-2017$fGBP24.00$g0$hC$5Uk
=ACF  \\$aPrevious Copyright Fee: GBP22.80$c0$e01-oct-2017$fGBP22.80$g0$hC$5Uk
=ACF  \\$aPrevious Copyright Fee: GBP26.92$c0$e01-jan-2018$fGBP26.92$g0$hC$5Uk
=ACF  \\$aPrevious Copyright Fee: GBP25.00$c0$e01-apr-2018$fGBP25.00$g0$hC$5Uk
=ACF  \\$aPrevious Copyright Fee: GBP26.92$c0$e01-oct-2018$fGBP26.92$g0$hC$5Uk
=ACF  \\$aPrevious Copyright Fee: GBP29.23$c0$e01-jan-2019$fGBP29.23$g0$hC$5Uk
=ACF  \\$aPrevious Copyright Fee: GBP30.40$c0$e01-oct-2019$fGBP30.40$g0$hC$5Uk
=ACF  \\$aPrevious Copyright Fee: GBP29.23$c0$e01-apr-2020$fGBP29.23$g0$hC$5Uk
=ACF  \\$aPrevious Copyright Fee: GBP30.40$c0$e01-jul-2020$fGBP30.40$g0$hC$5Uk
=ACF  \\$aPrevious Copyright Fee: GBP28.29$c0$e01-apr-2021$fGBP28.29$g0$hC$5Uk
=ACF  \\$aPrevious Copyright Fee: GBP27.45$c0$e01-jul-2021$fGBP27.45$g0$hC$5Uk
=CAT  \\$aCONV$b00$c20040425$lBLL90$h0853
=CAT  \\$aIPL-CLA$c20170331$lBLL01$h1830
=CAT  \\$aBATCH-CLA$b00$c20170831$lBLL01$h1630
=CAT  \\$aIPL-CLA$c20170929$lBLL01$h1712
=CAT  \\$aBATCH-CLA$b00$c20171130$lBLL01$h1706
=CAT  \\$aIPL-CLA$c20171231$lBLL01$h1420
=CAT  \\$aBATCH-CLA$b00$c20180228$lBLL01$h1644
=CAT  \\$aIPL-CLA$c20180331$lBLL01$h1601
=CAT  \\$aBATCH-CLA$b00$c20180831$lBLL01$h1623
=CAT  \\$aIPL-CLA$c20180930$lBLL01$h1453
=CAT  \\$aBATCH-CLA$b00$c20181130$lBLL01$h1604
=CAT  \\$aIPL-CLA$c20181231$lBLL01$h1534
=CAT  \\$aBATCH-CLA$b00$c20190909$lBLL01$h1713
=CAT  \\$aIPL-CLA$c20190930$lBLL01$h1629
=CAT  \\$aBATCH-CLA$b00$c20200228$lBLL01$h1634
=CAT  \\$aIPL-CLA$c20200331$lBLL01$h1605
=CAT  \\$aBATCH-CLA$b00$c20200529$lBLL01$h1531
=CAT  \\$aIPL-CLA$c20200701$lBLL01$h0046
=CAT  \\$aBATCH-CLA$b00$c20210227$lBLL01$h1012
=CAT  \\$aIPL-CLA$c20210331$lBLL01$h1835
=CAT  \\$aBATCH-CLA$b00$c20210528$lBLL01$h1526
=CAT  \\$aIPL-CLA$c20210704$lBLL01$h1113
=CAT  \\$aBATCH-CLA$b00$c20210917$lBLL01$h1604
=CAT  \\$aIPL-CLA$c20210930$lBLL01$h1645
=CAT  \\$aBATCH-CLA$b00$c20211203$lBLL01$h0816
=CAT  \\$aIPL-CLA$c20211231$lBLL01$h1712
=CFI  0\$aCurrent Copyright Fee: GBP27.38$c0$e01-jan-2022$fGBP27.38$g0$hC$5Uk
=CFI  2\$aPrevious Copyright Fee: GBP26.97$c0$e01-oct-2021$fGBP26.97$g0$hC$5Uk
=FIN  \\$aY
=FMT  \\$a  SE
=LAS  \\$aIPL-CLA$b00$c20211231$lBLL01$h1712
=LEO  \\$aMP10.0000322441
=LEO  \\$aMP25.0000096006
=LKR  \\$aPAR$b010490107$lBLL01$r78500$mThe Journal of immunology, virus-research & experimental chemotherapy$nThe journal of immunology : official journal of the American Association of Immunologists.
=LKR  \\$aPAR$b008894805$lBLL01$r78000$mThe Journal of immunology, virus-research & experimental chemotherapy$nJournal of immunology.
=SRC  \\$aDSS01$bbibmp10.200404.2.aa
=SRC  \\$aSRI01$bbibmp25.200404.2.aa
=TCO  \\$aTRS$bCCC$c008

