=LDR  05319cas a2201153 a 4500
=001  008898072
=003  Uk
=005  20221231185946.0
=007  ta
=008  831108d19632004ja\qr\p\\\\\\\0\\\d0mul\\
=019  0\$as250367009
=019  c\$a2066416
=022  0\$a0582-4087
=040  \\$aUk$cUk$dUk
=041  0\$ajpn$aeng
=082  04$a577.05$222
=084  \\$aCM 50$2blsrissc
=222  \0$aSeibutsu kankyō chōsetsu
=245  00$aSeibutsu Kankyō Chōsetsu.
=246  3\$aEnvironment control in biology
=246  3\$aEnvironmental control in biology
=260  \\$aTokyo :$bJapanese Society of Environmental Control in Biology,$c1963-2004.
=300  \\$av. :$bill. ;$c26 cm.
=310  \\$aQuarterly
=336  \\$atext$2rdacontent
=337  \\$aunmediated$2rdamedia
=338  \\$avolume$2rdacarrier
=540  \\$aCurrent Copyright Fee: GBP25.00$c0$5Uk
=546  \\$aIn Japanese or English.
=650  \0$aEcology$vPeriodicals.
=650  \0$aBiological productivity$vPeriodicals.
=710  2\$aNihon Seibutsu Kankyō Chōsetsu Gakkai.
=785  00$tEnvironment control in biology$x1880-554X
=852  49$aBritish Library$bDSC$3See shelfmark 3791.160000 for vol. 16 (1978)-v. 23 (1985); v. 37 (1999)-
=852  71$aBritish Library$bSTI$k(P)$hCM 50$m-X(1)$2blsrissc$3Vol. 9 (1971)-v. 36 (1998)
=985  \\$aRecord merged by DQ team
=985  \\$aUpgraded by BSS-generated file for WR2011-1473
=ACF  \\$aPrevious Copyright Fee: GBP5.14$c0$e01-jul-2009$fGBP5.14$g0$hC$5Uk
=ACF  \\$aPrevious Copyright Fee: GBP5.14$c0$e01-apr-2009$fGBP5.14$g0$hC$5Uk
=ACF  \\$aPrevious Copyright Fee: GBP4.50$c0$e01-jan-2009$fGBP4.50$g0$hC$5Uk
=ACF  \\$aPrevious Copyright Fee: GBP3.60$c0$e01-oct-2008$fGBP3.60$g0$hC$5Uk
=ACF  \\$aPrevious Copyright Fee: GBP3.60$c0$e01-jul-2008$fGBP3.60$g0$hC$5Uk
=ACF  \\$aPrevious Copyright Fee: GBP3.60$c0$e01-apr-2008$fGBP3.60$g0$hC$5Uk
=ACF  \\$aPrevious Copyright Fee: GBP3.60$c0$e01-jan-2008$fGBP3.60$g0$hC$5Uk
=ACF  \\$aPrevious Copyright Fee: GBP3.60$c0$e01-oct-2007$fGBP3.60$g0$hC$5Uk
=ACF  \\$aPrevious Copyright Fee: GBP3.60$c0$e01-jul-2007$fGBP3.60$g0$hC$5Uk
=ACF  \\$aPrevious Copyright Fee: GBP3.69$c0$e01-apr-2007$fGBP3.69$g0$hC$5Uk
=ACF  \\$aPrevious Copyright Fee: GBP3.89$c0$e01-jan-2007$fGBP3.89$g0$hC$5Uk
=ACF  \\$aPrevious Copyright Fee: GBP3.89$c0$e01-oct-2006$fGBP3.89$g0$hC$5Uk
=ACF  \\$aPrevious Copyright Fee: GBP4.11$c0$e01-jul-2006$fGBP4.11$g0$hC$5Uk
=ACF  \\$aPrevious Copyright Fee: GBP4.11$c0$e01-apr-2006$fGBP4.11$g0$hC$5Uk
=ACF  \\$aPrevious Copyright Fee: GBP4.00$c0$e01-jan-2006$fGBP4.00$g0$hC$5Uk
=ACF  \\$aPrevious Copyright Fee: GBP3.89$c0$e01-oct-2005$fGBP3.89$g0$hC$5Uk
=ACF  \\$aPrevious Copyright Fee: GBP3.89$c0$e01-jul-2005$fGBP3.89$g0$hC$5Uk
=ACF  \\$aPrevious Copyright Fee: GBP3.89$c0$e01-apr-2005$fGBP3.89$g0$hC$5Uk
=ACF  \\$aPrevious Copyright Fee: GBP4.00$c0$e01-jan-2005$fGBP4.00$g0$hC$5Uk
=ACF  \\$aPrevious Copyright Fee: GBP3.89$c0$e01-oct-2004$fGBP3.89$g0$hC$5Uk
=ACF  \\$aPrevious copyright fee: GBP10.50$c0$e01-jan-2011$fGBP10.50$g0$hA$5Uk
=ACF  \\$aPrevious copyright fee: GBP12.00$c0$e01-jan-2012$fGBP12.00$g0$hA$5Uk
=ACF  \\$aPrevious Copyright Fee: GBP12.30$c0$e01-jan-2014$fGBP12.30$g0$hA$5Uk
=ACF  \\$aPrevious Copyright Fee: GBP15.00$c0$e01-jan-2017$fGBP15.00$g0$hA$5Uk
=ACF  \\$aPrevious Copyright Fee: GBP17.50$c0$e01-jan-2018$fGBP17.50$g0$hA$5Uk
=ACF  \\$aPrevious Copyright Fee: GBP20.00$c0$e01-jan-2020$fGBP20.00$g0$hA$5Uk
=CAT  \\$aCONV$b00$c20040425$lBLL90$h0853
=CAT  \\$aBATCH-CLA$b00$c20090529$lBLL01$h1731
=CAT  \\$aBATCH-UPD$b00$c20090701$lBLL01$h1947
=CAT  \\$aBATCH-UPD$b00$c20090701$lBLL01$h2028
=CAT  \\$aBATCH$b00$c20090701$lBLL01$h2050
=CAT  \\$aBATCH$b00$c20091122$lBLL01$h0949
=CAT  \\$aBATCH-UPD$b00$c20101201$lBLL01$h1219
=CAT  \\$aIPL-CLA$c20101231$lBLL01$h1239
=CAT  \\$a8201$b40$c20110531$lBLL01$h1001
=CAT  \\$aWR11_203$c20111204$lBLL01$h1323
=CAT  \\$aIPL-CLA$c20111230$lBLL01$h1741
=CAT  \\$aBATCH-CLA$b00$c20121104$lBLL01$h1020
=CAT  \\$aBATCH-CLA$c20131217$lBLL01$h1742
=CAT  \\$aIPL-CLA$c20131231$lBLL01$h1942
=CAT  \\$aBATCH-CLA$b00$c20161222$lBLL01$h1711
=CAT  \\$aIPL-CLA$c20161230$lBLL01$h1845
=CAT  \\$aBATCH-CLA$b00$c20171222$lBLL01$h2009
=CAT  \\$aIPL-CLA$c20171231$lBLL01$h1420
=CAT  \\$aBATCH-CLA$b00$c20191219$lBLL01$h1636
=CAT  \\$aIPL-CLA$c20191231$lBLL01$h1745
=CAT  \\$aR2001-1524$c20200127$lBLL01$h1931
=CAT  \\$aW2011-1473$b00$c20201124$lBLL01$h1832
=CAT  \\$aBATCH-CLA$b00$c20201204$lBLL01$h1432
=CAT  \\$aIPL-CLA$c20201231$lBLL01$h1944
=CAT  \\$aBATCH-CLA$b00$c20221221$lBLL01$h1737
=CAT  \\$aIPL-CLA$c20221231$lBLL01$h1859
=CFI  0\$aCurrent Copyright Fee: GBP25.00$c0$e01-jan-2023$fGBP25.00$g0$hA$5Uk
=CFI  2\$aPrevious Copyright Fee: GBP22.50$c0$e01-jan-2021$fGBP22.50$g0$hA$5Uk
=FIN  \\$aY
=FMT  \\$a  SE
=LAS  \\$aIPL-CLA$b00$c20221231$lBLL01$h1859
=LEO  \\$aMP10.0000211638
=LEO  \\$aMP25.0000099629
=SRC  \\$aDSS01$bbibmp10.200404.2.aa
=SRC  \\$aSRI01$bbibmp25.200404.2.aa
=TCO  \\$aJPN$bJAACC$c008

