=LDR  02028 as a2200553 a 4500
=001  008898256
=003  Uk
=005  20080624133552.0
=007  ta
=008  800506d19571959ua\fr\p\\\\\\f0\\\a0eng\d
=019  0\$as250557002
=022  0\$a0367-0430
=040  \\$aUk$cUk$dUk
=084  \\$aNX 079(E)$2blsrissc
=210  0\$aEgypt. J. Geol.
=222  \0$aEgyptian journal of geology
=245  00$aEgyptian journal of geology.
=246  15$aMajallah al-Miṣrīyah li-ʿilm al-zhiyūlūzhīyā
=260  \\$aCairo :$bGeological Society of Egypt,$c[1957-1959]
=300  \\$a3 v. :$bill. ;$c26 cm.
=310  \\$aSemiannual
=336  \\$atext$2rdacontent
=337  \\$aunmediated$2rdamedia
=338  \\$avolume$2rdacarrier
=362  0\$aVol. 1, no. 1-v. 3, no. 2.
=546  \\$aSummaries in Arabic.
=550  \\$aVol.-v. 3, no. 2 issued by the Geological Society of Egypt in collaboration with the National Research Centre.
=650  \0$aGeology$zEgypt$vPeriodicals.
=650  \0$aMines and mineral resources$zEgypt$vPeriodicals.
=710  2\$aJamʿīyah al-Zhiyūlūzhīyah al-Miṣrīyah.
=710  2\$aMarkaz al-Qawmī lil-Buḥūth (Egypt)
=785  00$tJournal of geology of the United Arab Republic$x0258-3704
=852  71$aBritish Library$bSTI$k(P)$hNX 079$m(E) -E(1)$2blsrissc$31957-1987; Vol.1 - vol.30,1986. ; Deficient: vol.1, no.2
=852  49$aBritish Library$bDSC$3See shelfmark 3664.400000
=975  \\$ad$bA
=CAT  \\$aCONV$b00$c20040425$lBLL90$h0853
=CAT  \\$aCONV$b00$c20040502$lBLL01$h1307
=CAT  \\$aglobal_upd$b40$c20060417$lBLL01$h1654
=CAT  \\$a8201$b40$c20080624$lBLL01$h1218
=CAT  \\$a8201$b40$c20080624$lBLL01$h1335
=CAT  \\$aBATCH-UPD$b40$c20090109$lBLL01$h0015
=CAT  \\$aBATCH-UPD$b40$c20090319$lBLL01$h2234
=CAT  \\$aBATCH$b00$c20091209$lBLL01$h0254
=FIN  \\$aY
=FMT  \\$a  SE
=LAS  \\$aBATCH$b00$c20091209$lBLL01$h0254
=LEO  \\$aMP25.0000099849
=SRC  \\$aSRI01$bbibmp25.200404.2.aa
=TCO  \\$aXXX$c008

