=LDR  02840 as a2200745 a 4500
=001  008899705
=003  Uk
=005  20080701112241.0
=007  ta
=008  810210d19uu1971fj\ar\\\\\\\\o0\\\a0eng\\
=019  0\$as253360005
=019  c\$a2022871
=019  c\$a2022885
=040  \\$aUk$cUk$dUk
=084  \\$aNX 061$2blsrissc
=110  1\$aFiji.$bDepartment of Lands, Mines, and Surveys.
=245  10$aReport for the year ... /$cDepartment of Lands, Mines and Surveys.
=246  13$aDepartment of Lands, Mines and Surveys report for the year ...
=246  13$aAnnual report for the year
=246  10$aAnnual report
=246  10$aReport
=260  \\$aSuva,$bDept. of Lands, Mines and Surveys.
=300  \\$av.$bill.$c34 cm.
=310  \\$aAnnual
=336  \\$atext$2rdacontent
=337  \\$aunmediated$2rdamedia
=338  \\$avolume$2rdacarrier
=362  0\$a-1971.
=490  1\$aLegislative Council papers
=490  1\$aParliamentary paper
=500  \\$aSome vols. issued with title: Annual report, Report, etc.
=550  \\$aSome vols. issued under variant names of the Dept.: Dept. of Lands and Surveys,. Lands and Surveys Dept., etc.
=580  \\$aMerged with: Fiji. Geological Survey Dept. Report to form: Fiji. Dept. of Lands and Surveys. Annual report for the years ...
=595  \\$aSEE OFFICIAL PUBLICATIONS AND 4814.00 SEE ALSO SERIAL RECORDS GEOL-C.
=650  \0$aGeology$zFiji$xPeriodicals.
=650  \0$aGeology$zFiji$xSurveys$xPeriodicals.
=650  \0$aLand use$zFiji$xPeriodicals.
=650  \0$aMines and mineral resources$zFiji$xPeriodicals.
=710  1\$aFiji.$bGeological Survey.
=710  1\$aFiji.$bGeological Survey Department.
=785  17$aFiji. Geological Survey Dept.$tReport
=785  17$aFiji. Dept. of Lands and Surveys.$tAnnual report for the years ...
=830  \0$aCouncil paper (Fiji. Legislative Council)
=830  \0$aParliamentary paper (Fiji. Parliament)
=852  49$aBritish Library$bDSC$3See shelfmark 4814.000000
=852  71$aBritish Library$bSTI$k(P)$hNX 061$m-E(3)$2blsrissc$31960-1968
=985  \\$aRecord amended for WR# 13/070
=985  \\$aRecord merged by DQ team
=CAT  \\$aCONV$b00$c20040425$lBLL90$h0853
=CAT  \\$aCONV$b00$c20040502$lBLL01$h1307
=CAT  \\$a8456$b40$c20080701$lBLL01$h1120
=CAT  \\$a8456$b40$c20080701$lBLL01$h1122
=CAT  \\$aBATCH$b00$c20091209$lBLL01$h0254
=CAT  \\$aWR13_070$b00$c20130504$lBLL01$h0159
=CAT  \\$aWR13_070C$c20130611$lBLL01$h1849
=CAT  \\$aBATCH-UPD$b00$c20160923$lBLL01$h1930
=FIN  \\$aY
=FMT  \\$a  SE
=LAS  \\$aBATCH-UPD$b00$c20160923$lBLL01$h1930
=LEO  \\$aMP10.0000058992
=LEO  \\$aMP10.0000058975
=LEO  \\$aMP25.0000101471
=SRC  \\$aDSS01$bbibmp10.200404.2.aa
=SRC  \\$aSRI01$bbibmp25.200404.2.aa
=TCO  \\$aXXX$c008

