=LDR  07122cas a22013697a 4500
=001  008900064
=003  Uk
=005  20230210004722.0
=007  ta
=008  860909d19861988enkbx\p\\a\\\\0\\\a0eng\\
=019  0\$as254241026
=022  0\$a0268-7879$202
=040  \\$aUk$cUk$dUk
=042  \\$aissnuk
=084  \\$aNY 25$2blsrissc
=210  0\$aGeogr. abstr., A Landf. Quat.
=222  \0$aGeographical abstracts. A, Landforms and the Quaternary
=245  00$aGeographical abstracts.$nA,$pLandforms and the Quaternary.
=246  30$aLandforms and the Quaternary
=246  14$aGeographical abstracts. Landforms and the Quaternary$f1988/1-1988/6
=260  \\$aNorwich :$bGeo Abstracts Ltd.,$c1986-1988.
=300  \\$a18 v. ;$c21 cm.
=310  \\$aSix issues yearly
=336  \\$atext$2rdacontent
=337  \\$aunmediated$2rdamedia
=338  \\$avolume$2rdacarrier
=362  0\$a1986/1-1988/6.
=500  \\$aLatest issue consulted: 1988/6.
=540  \\$aCurrent Copyright Fee: GBP34.00$c0$5Uk
=580  \\$aMerged with: Geographical abstracts. B, Climatology and hydrology; Geographical abstracts. E, Sedimentology; and, Geographical abstracts. G, Remote sensing, photogrammetry and cartography, to form: Geographical abstracts. Physical geography.
=650  \0$aLandforms$vAbstracts$vPeriodicals.
=650  \0$aForms, Quaternary$vAbstracts$vPeriodicals.
=650  \0$aGeomorphology$vAbstracts$vPeriodicals.
=650  \0$aGeography$vAbstracts$vPeriodicals.
=780  00$tGeo abstracts. A. Landforms and the Quaternary$x0305-1897
=785  17$tGeographical abstracts. B, Climatology and hydrology$x0268-7887
=785  17$tGeographical abstracts. E. Sedimentology$x0268-7917
=785  17$tGeographical abstracts. G, Remote sensing, photogrammetry and cartography$x0268-7933
=785  17$tGeographical abstracts. Physical geography$x0954-0504
=852  49$aBritish Library$bDSC$3see shelfmark 4125.400000 for 1966/1-1971/6; 1986/1-1988/6
=852  71$aBritish Library$bSTI$k(A)$hNY 25$m-E(3)$2blsrissc$31986-1988
=985  \\$aRecord merged by DQ team
=ACF  \\$aPrevious Copyright Fee: GBP21.00$c0$e01-apr-2012$fGBP21.00$g0$hC$5Uk
=ACF  \\$aPrevious Copyright Fee: GBP21.00$c0$e01-jan-2012$fGBP21.00$g0$hC$5Uk
=ACF  \\$aPrevious Copyright Fee: GBP20.00$c0$e01-oct-2011$fGBP20.00$g0$hC$5Uk
=ACF  \\$aPrevious Copyright Fee: GBP20.00$c0$e01-jul-2011$fGBP20.00$g0$hC$5Uk
=ACF  \\$aPrevious Copyright Fee: GBP20.00$c0$e01-apr-2011$fGBP20.00$g0$hC$5Uk
=ACF  \\$aPrevious Copyright Fee: GBP20.00$c0$e01-jan-2011$fGBP20.00$g0$hC$5Uk
=ACF  \\$aPrevious Copyright Fee: GBP20.00$c0$e01-oct-2010$fGBP20.00$g0$hC$5Uk
=ACF  \\$aPrevious Copyright Fee: GBP20.00$c0$e01-jul-2010$fGBP20.00$g0$hC$5Uk
=ACF  \\$aPrevious Copyright Fee: GBP20.00$c0$e01-apr-2010$fGBP20.00$g0$hC$5Uk
=ACF  \\$aPrevious Copyright Fee: GBP20.00$c0$e01-Jan-2010$fGBP20.00$g0$hC$5Uk
=ACF  \\$aPrevious Copyright Fee: GBP20.00$c0$e01-oct-2009$fGBP20.00$g0$hC$5Uk
=ACF  \\$aPrevious Copyright Fee: GBP20.00$c0$e01-jul-2009$fGBP20.00$g0$hC$5Uk
=ACF  \\$aPrevious Copyright Fee: GBP20.00$c0$e01-apr-2009$fGBP20.00$g0$hC$5Uk
=ACF  \\$aPrevious Copyright Fee: GBP20.00$c0$e01-jan-2009$fGBP20.00$g0$hC$5Uk
=ACF  \\$aPrevious Copyright Fee: GBP19.00$c0$e01-oct-2008$fGBP19.00$g0$hC$5Uk
=ACF  \\$aPrevious Copyright Fee: GBP19.00$c0$e01-jul-2008$fGBP19.00$g0$hC$5Uk
=ACF  \\$aPrevious Copyright Fee: GBP19.00$c0$e01-apr-2008$fGBP19.00$g0$hC$5Uk
=ACF  \\$aPrevious Copyright Fee: GBP19.00$c0$e01-jan-2008$fGBP19.00$g0$hC$5Uk
=ACF  \\$aPrevious Copyright Fee: GBP18.00$c0$e01-oct-2007$fGBP18.00$g0$hC$5Uk
=ACF  \\$aPrevious Copyright Fee: GBP18.00$c0$e01-jul-2007$fGBP18.00$g0$hC$5Uk
=ACF  \\$aPrevious Copyright Fee: GBP18.00$c0$e01-apr-2007$fGBP18.00$g0$hC$5Uk
=ACF  \\$aPrevious Copyright Fee: GBP18.00$c0$e01-jan-2007$fGBP18.00$g0$hC$5Uk
=ACF  \\$aPrevious Copyright Fee: GBP18.00$c0$e01-oct-2006$fGBP18.00$g0$hC$5Uk
=ACF  \\$aPrevious Copyright Fee: GBP18.00$c0$e01-jul-2006$fGBP18.00$g0$hC$5Uk
=ACF  \\$aPrevious Copyright Fee: GBP18.00$c0$e01-apr-2006$fGBP18.00$g0$hC$5Uk
=ACF  \\$aPrevious Copyright Fee: GBP26.67$c0$e01-jan-2006$fGBP26.67$g0$hC$5Uk
=ACF  \\$aPrevious Copyright Fee: GBP25.95$c0$e01-oct-2005$fGBP25.95$g0$hC$5Uk
=ACF  \\$aPrevious Copyright Fee: GBP25.95$c0$e01-jul-2005$fGBP25.95$g0$hC$5Uk
=ACF  \\$aPrevious Copyright Fee: GBP25.95$c0$e01-apr-2005$fGBP25.95$g0$hC$5Uk
=ACF  \\$aPrevious Copyright Fee: GBP26.67$c0$e01-jan-2005$fGBP26.67$g0$hC$5Uk
=ACF  \\$aPrevious Copyright Fee: GBP25.95$c0$e01-oct-2004$fGBP25.95$g0$hC$5Uk
=ACF  \\$aPrevious Copyright Fee: GBP21.00$c0$e01-jul-2012$fGBP21.00$g0$hC$5Uk
=ACF  \\$aPrevious Copyright Fee: GBP21.00$c0$e01-oct-2012$fGBP21.00$g0$hC$5Uk
=ACF  \\$aPrevious Copyright Fee: GBP22.50$c0$e01-jan-2016$fGBP22.50$g0$hC$5Uk
=ACF  \\$aPrevious Copyright Fee: GBP23.40$c0$e01-jan-2018$fGBP23.40$g0$hC$5Uk
=ACF  \\$aPrevious Copyright Fee: GBP34.00$c0$e01-apr-2021$fGBP34.00$g0$hC$5Uk
=CAT  \\$aCONV$b00$c20040425$lBLL90$h0853
=CAT  \\$aBATCH-CLA$b00$c20101115$lBLL01$h1555
=CAT  \\$aIPL-CLA$c20101231$lBLL01$h1239
=CAT  \\$aBATCH-CLA$b00$c20110228$lBLL01$h1534
=CAT  \\$aIPL-CLA$c20110331$lBLL01$h1434
=CAT  \\$aBATCH-CLA$b00$c20110531$lBLL01$h1634
=CAT  \\$aIPL-CLA$c20110630$lBLL01$h1515
=CAT  \\$aBATCH-CLA$b00$c20110831$lBLL01$h1754
=CAT  \\$aIPL-CLA$c20110930$lBLL01$h1515
=CAT  \\$aBATCH-CLA$b00$c20111130$lBLL01$h1209
=CAT  \\$aIPL-CLA$c20111230$lBLL01$h1741
=CAT  \\$aBATCH-CLA$b00$c20120229$lBLL01$h1606
=CAT  \\$aIPL-CLA$c20120330$lBLL01$h1401
=CAT  \\$aBATCH-CLA$b00$c20120531$lBLL01$h1710
=CAT  \\$aIPL-CLA$c20120629$lBLL01$h0957
=CAT  \\$aBATCH-CLA$b00$c20120831$lBLL01$h1530
=CAT  \\$aIPL-CLA$c20120930$lBLL01$h2017
=CAT  \\$aBATCH-CLA$b00$c20121104$lBLL01$h1020
=CAT  \\$aBATCH-CLA$b00$c20151127$lBLL01$h1629
=CAT  \\$aIPL-CLA$c20151231$lBLL01$h1908
=CAT  \\$aBATCH-CLA$b00$c20171130$lBLL01$h1711
=CAT  \\$aIPL-CLA$c20171231$lBLL01$h1420
=CAT  \\$aBATCH-CLA$b00$c20210227$lBLL01$h1013
=CAT  \\$aIPL-CLA$c20210331$lBLL01$h1835
=CAT  \\$aBATCH-CLA$b00$c20221130$lBLL01$h1446
=CAT  \\$aIPL-CLA$c20221231$lBLL01$h1859
=CAT  \\$aBATCH-CLA$b00$c20230209$lBLL01$h1533
=CAT  \\$aIPL-CLA$c20230210$lBLL01$h0047
=CFI  0\$aCurrent Copyright Fee: GBP34.00$c0$e09-feb-2023$fGBP34.00$g0$hC$5Uk
=CFI  2\$aBritish Library not licensed to copy$c0$e01-jan-2023$hC$iCFP Excluded$5Uk
=FIN  \\$aY
=FMT  \\$a  SE
=LAS  \\$aIPL-CLA$b00$c20230210$lBLL01$h0047
=LEO  \\$aMP22.0000016398
=LEO  \\$aMP25.0000101896
=LKR  \\$aPAR$b008900063$lBLL01$r78000$mGeographical abstracts. A, Landforms and the Quaternary$nGeo abstracts. A, Landforms and the Quaternary
=SRC  \\$aISN01$bbibmp22.200404.2.aa
=SRC  \\$aSRI01$bbibmp25.200404.2.aa
=TCO  \\$aCLA$bCLA$c008

