=LDR  02873 as a2200721 a 4500
=001  008901125
=003  Uk
=005  20090930164236.0
=007  ta
=008  791030d19331965xxuqr\p\\\a\\\0\\\a0eng\\
=019  0\$as256849005
=019  c\$a2200570
=022  0\$a0020-7349
=040  \\$aUk$cUk$dUk
=082  04$a616.988$221
=084  \\$aGV 90(L5)$2blsrissc
=210  0\$aInt. j. lepr.
=222  \0$aInternational journal of leprosy
=245  00$aInternational journal of leprosy.
=260  \\$aWashington, D.C. :$bInternational Leprosy Association
=300  \\$c26 cm.
=310  \\$aQuarterly
=336  \\$atext$2rdacontent
=337  \\$aunmediated$2rdamedia
=338  \\$avolume$2rdacarrier
=500  \\$aOfficial organ of the International Leprosy Association.
=540  \\$aBritish Library not licensed to copy$c0$5Uk
=650  \0$aLeprosy$vPeriodicals.
=710  2\$aInternational Leprosy Association.
=785  00$tInternational journal of leprosy and other mycobacterial diseases$x0148-916X
=852  49$aBritish Library$bDSC$3See shelfmark 4542.319000 for Vol. 1 (1933)-
=852  71$aBritish Library$bSTI$k(P)$hGV 90$m(L5) -E(2)$2blsrissc$31950-1965; Vol.18-33. ; Deficient: vol.20, no.3; vol.21, no.1; vol.24, no.1,2; vol.25, no.1,2,4; vol.26; vol.33, no.1,2
=985  \\$aRecord merged by DQ team
=ACF  \\$aBritish Library not licensed to copy$c0$e01-jan-2013$hC$iCFP Excluded$5Uk
=ACF  \\$aBritish Library not licensed to copy$c0$e01-apr-2013$hC$iCFP Excluded$5Uk
=ACF  \\$aBritish Library not licensed to copy$c0$e01-jul-2013$hC$iCFP Excluded$5Uk
=CAT  \\$aCONV$b00$c20040425$lBLL90$h0853
=CAT  \\$aCONV$b00$c20040502$lBLL01$h1307
=CAT  \\$aglobal_upd$b40$c20060417$lBLL01$h1655
=CAT  \\$a8201$b40$c20090930$lBLL01$h1642
=CAT  \\$aBATCH$b00$c20091209$lBLL01$h0255
=CAT  \\$aBATCH-CLA$b00$c20121130$lBLL01$h1235
=CAT  \\$aIPL-CLA$c20121231$lBLL01$h1249
=CAT  \\$aIPL-CLA$c20130102$lBLL01$h1651
=CAT  \\$aBATCH-CLA$b00$c20130228$lBLL01$h1710
=CAT  \\$aIPL-CLA$c20130331$lBLL01$h1044
=CAT  \\$a540_fix$c20130403$lBLL01$h2005
=CAT  \\$aBATCH-CLA$b00$c20130531$lBLL01$h1648
=CAT  \\$aIPL-CLA$c20130701$lBLL01$h0008
=CAT  \\$aBATCH-CLA$b00$c20130830$lBLL01$h1624
=CAT  \\$aIPL-CLA$c20130930$lBLL01$h1723
=CAT  \\$aBATCH-CLA$b00$c20131129$lBLL01$h1651
=CAT  \\$aIPL-CLA$c20131231$lBLL01$h1942
=CFI  0\$aBritish Library not licensed to copy$c0$e01-jan-2014$hC$iCFP Excluded$5Uk
=CFI  2\$aBritish Library not licensed to copy$c0$e01-oct-2013$hC$iCFP Excluded$5Uk
=FIN  \\$aY
=FMT  \\$a  SE
=LAS  \\$aIPL-CLA$b00$c20131231$lBLL01$h1942
=LEO  \\$aMP10.0000295623
=LEO  \\$aMP25.0000103115
=SRC  \\$aDSS01$bbibmp10.200404.2.aa
=SRC  \\$aSRI01$bbibmp25.200404.2.aa
=TCO  \\$aTRS$bCCC$c008

