=LDR  03477cas a22008777  4500
=001  008902520
=003  Uk
=005  20221231185954.0
=008  930126d19912005sa\mr\p\\\\\\\0\\\a|eng\\
=019  0\$as580679004
=019  c\$a2469695
=022  0\$a1017-4966
=040  \\$aUk$cUk$dUk
=041  0\$aeng$bafr
=082  04$a507.206$221
=084  \\$aBW 77$2blsrissc
=245  00$aTechnobrief.
=260  \\$aPretoria :$bCSIR,$c1991-2005.
=300  \\$c42cm.
=336  \\$atext$2rdacontent
=337  \\$aunmediated$2rdamedia
=338  \\$avolume$2rdacarrier
=540  \\$aCurrent Copyright Fee: GBP25.00$c0$5Uk
=546  \\$aOccasional articles in Afrikaans.
=710  2\$aSouth African Council for Scientific and Industrial Research.
=785  00$tScienceScope
=852  71$aBritish Library$bSTI$k(P)$hBW 77$m-E(22)$2blsrissc$3LAST 4 YEARS
=852  41$aBritish Library$bHMNTS
=945  \\$aTECHNOBRIEF -PRETORIA-.
=963  \\$aCA/U-2 VOL. 1(8), 1991- *A=1$bN
=968  \\$bx
=979  \\$aBritish Library$bDSC$j8755.468000N$xNot selected
=ACF  \\$aPrevious copyright fee: GBP5.00$c0$e01-jul-2002$fGBP5.00$g0$hC$5Uk
=ACF  \\$aCurrent copyright fee: GBP4.40$c0$e01-jul-1998$fGBP4.40$g0$hA$5Uk
=ACF  \\$aCurrent copyright fee: GBP4.20$c0$e01-apr-1997$fGBP4.20$g0$hA$5Uk
=ACF  \\$aPrevious copyright fee: GBP10.50$c0$e01-jan-2011$fGBP10.50$g0$hA$5Uk
=ACF  \\$aPrevious copyright fee: GBP12.00$c0$e01-jan-2012$fGBP12.00$g0$hA$5Uk
=ACF  \\$aPrevious Copyright Fee: GBP12.30$c0$e01-jan-2014$fGBP12.30$g0$hA$5Uk
=ACF  \\$aPrevious Copyright Fee: GBP15.00$c0$e01-jan-2017$fGBP15.00$g0$hA$5Uk
=ACF  \\$aPrevious Copyright Fee: GBP17.50$c0$e01-jan-2018$fGBP17.50$g0$hA$5Uk
=ACF  \\$aPrevious Copyright Fee: GBP20.00$c0$e01-jan-2020$fGBP20.00$g0$hA$5Uk
=CAT  \\$aCONV$b00$c20040425$lBLL90$h0857
=CAT  \\$aCONV$b00$c20040502$lBLL01$h1307
=CAT  \\$a8128$b40$c20061110$lBLL01$h1646
=CAT  \\$aBATCH-UPD$b40$c20061113$lBLL01$h1334
=CAT  \\$aWR-09059$b40$c20090927$lBLL01$h1640
=CAT  \\$aBATCH$b00$c20091209$lBLL01$h0255
=CAT  \\$aBATCH-UPD$b00$c20101201$lBLL01$h1219
=CAT  \\$aIPL-CLA$c20101231$lBLL01$h1239
=CAT  \\$aWR11_203$c20111204$lBLL01$h1323
=CAT  \\$aIPL-CLA$c20111230$lBLL01$h1742
=CAT  \\$aBATCH-CLA$b00$c20121104$lBLL01$h1020
=CAT  \\$aWR13.005$c20130323$lBLL01$h1516
=CAT  \\$aBATCH-CLA$c20131217$lBLL01$h1743
=CAT  \\$aIPL-CLA$c20131231$lBLL01$h1943
=CAT  \\$aBATCH-CLA$b00$c20161222$lBLL01$h1711
=CAT  \\$aIPL-CLA$c20161230$lBLL01$h1845
=CAT  \\$aBATCH-CLA$b00$c20171222$lBLL01$h2009
=CAT  \\$aIPL-CLA$c20171231$lBLL01$h1420
=CAT  \\$aBATCH-CLA$b00$c20191219$lBLL01$h1636
=CAT  \\$aIPL-CLA$c20191231$lBLL01$h1745
=CAT  \\$aR2001-1524$c20200127$lBLL01$h1932
=CAT  \\$aBATCH-CLA$b00$c20201204$lBLL01$h1432
=CAT  \\$aIPL-CLA$c20201231$lBLL01$h1945
=CAT  \\$aBATCH-CLA$b00$c20221221$lBLL01$h1737
=CAT  \\$aIPL-CLA$c20221231$lBLL01$h1859
=CFI  0\$aCurrent Copyright Fee: GBP25.00$c0$e01-jan-2023$fGBP25.00$g0$hA$5Uk
=CFI  2\$aPrevious Copyright Fee: GBP22.50$c0$e01-jan-2021$fGBP22.50$g0$hA$5Uk
=FIN  \\$aY
=FMT  \\$a  SE
=LAS  \\$aIPL-CLA$b00$c20221231$lBLL01$h1859
=LEO  \\$aMP10.0000571664
=LEO  \\$aMP25.0000271569
=SRC  \\$aDSS01$bbibmp10.200404.2.aa
=SRC  \\$aSRI01$bbibmp25.200404.2.aa
=TCO  \\$aZAF$bDALRO$c008

