=LDR  05920 as a2201261 a 4500
=001  008904229
=003  Uk
=005  20111004090353.0
=007  ta
=008  921006d19921993enkqu\p\\\\\\\0\\\a0eng\\
=015  \\$aGB9228431$2bnb
=019  y\$ab9228431
=019  9\$ab9228431
=019  0\$as584145004
=019  c\$a2461060
=039  0\$a2195
=040  \\$aUk$cUk$dUk
=042  \\$aukblsr
=082  04$a330.952$220
=084  \\$aAM 413$2blsrissc
=245  00$aGlobal forecasting service.$pJapan.
=260  \\$aLondon :$bEconomist Intelligence Unit,$c1992-93.
=300  \\$av. :$bill. ;$c30 cm.
=310  \\$aQuarterly. - 2 main reports, 2 updaters per year
=336  \\$atext$2rdacontent
=337  \\$aunmediated$2rdamedia
=338  \\$avolume$2rdacarrier
=500  \\$aCover title.
=500  \\$aDescription based on: Updater, first quarter 1992.
=500  \\$a2 main reports, 2 updaters per year.
=540  \\$aCurrent Copyright Fee: GBP72.00$c0$5Uk
=651  \0$aJapan$xEconomic conditions$vPeriodicals.
=690  7\$aManagement and Business Studies$2blcoll
=710  2\$aEconomist Intelligence Unit (Great Britain)
=785  00$tCountry forecast. Japan$x0966-8853
=852  41$aBritish Library$bSTI$3ALL STOCK TRANSFERRED TO RS&CD
=852  71$aBritish Library$bSTI$k(P)$hAM 413$m-E(2) Business$2blsrissc$31992 - 1st quarter 1993; SEE ALSO R(P)AM413-E(2)***Accession number 584145004
=945  \\$aGLOBAL FORECASTING SERVICE -JAPAN-.
=979  \\$aBritish Library$bDSC$j4195.403240N
=985  \\$aRecord merged by DQ team
=ACF  \\$aPrevious Copyright Fee: GBP72.00$c0$e01-apr-2011$fGBP72.00$g0$hC$5Uk
=ACF  \\$aPrevious Copyright Fee: GBP72.00$c0$e01-jan-2011$fGBP72.00$g0$hC$5Uk
=ACF  \\$aPrevious Copyright Fee: GBP72.00$c0$e01-oct-2010$fGBP72.00$g0$hC$5Uk
=ACF  \\$aPrevious Copyright Fee: GBP28.00$c0$e01-jul-2010$fGBP28.00$g0$hC$5Uk
=ACF  \\$aPrevious Copyright Fee: GBP28.00$c0$e01-apr-2010$fGBP28.00$g0$hC$5Uk
=ACF  \\$aPrevious Copyright Fee: GBP28.00$c0$e01-Jan-2010$fGBP28.00$g0$hC$5Uk
=ACF  \\$aPrevious Copyright Fee: GBP28.00$c0$e01-oct-2009$fGBP28.00$g0$hC$5Uk
=ACF  \\$aPrevious Copyright Fee: GBP28.00$c0$e01-jul-2009$fGBP28.00$g0$hC$5Uk
=ACF  \\$aPrevious Copyright Fee: GBP28.00$c0$e01-apr-2009$fGBP28.00$g0$hC$5Uk
=ACF  \\$aPrevious Copyright Fee: GBP28.00$c0$e01-jan-2009$fGBP28.00$g0$hC$5Uk
=ACF  \\$aPrevious Copyright Fee: GBP28.00$c0$e01-oct-2008$fGBP28.00$g0$hC$5Uk
=ACF  \\$aPrevious Copyright Fee: GBP28.00$c0$e01-jul-2008$fGBP28.00$g0$hC$5Uk
=ACF  \\$aPrevious Copyright Fee: GBP28.00$c0$e01-apr-2008$fGBP28.00$g0$hC$5Uk
=ACF  \\$aPrevious Copyright Fee: GBP28.00$c0$e01-jan-2008$fGBP28.00$g0$hC$5Uk
=ACF  \\$aPrevious Copyright Fee: GBP28.00$c0$e01-oct-2007$fGBP28.00$g0$hC$5Uk
=ACF  \\$aPrevious Copyright Fee: GBP28.00$c0$e01-jul-2007$fGBP28.00$g0$hC$5Uk
=ACF  \\$aPrevious Copyright Fee: GBP28.00$c0$e01-apr-2007$fGBP28.00$g0$hC$5Uk
=ACF  \\$aPrevious Copyright Fee: GBP28.00$c0$e01-jan-2007$fGBP28.00$g0$hC$5Uk
=ACF  \\$aPrevious Copyright Fee: GBP28.00$c0$e01-oct-2006$fGBP28.00$g0$hC$5Uk
=ACF  \\$aPrevious Copyright Fee: GBP28.00$c0$e01-jul-2006$fGBP28.00$g0$hC$5Uk
=ACF  \\$aPrevious Copyright Fee: GBP28.00$c0$e01-apr-2006$fGBP28.00$g0$hC$5Uk
=ACF  \\$aPrevious Copyright Fee: GBP28.00$c0$e01-jan-2006$fGBP28.00$g0$hC$5Uk
=ACF  \\$aPrevious Copyright Fee: GBP28.00$c0$e01-oct-2005$fGBP28.00$g0$hC$5Uk
=ACF  \\$aPrevious Copyright Fee: GBP28.00$c0$e01-jul-2005$fGBP28.00$g0$hC$5Uk
=ACF  \\$aPrevious Copyright Fee: GBP28.00$c0$e01-apr-2005$fGBP28.00$g0$hC$5Uk
=ACF  \\$aPrevious Copyright Fee: GBP28.00$c0$e01-jan-2005$fGBP28.00$g0$hC$5Uk
=ACF  \\$aPrevious Copyright Fee: GBP28.00$c0$e01-oct-2004$fGBP28.00$g0$hC$5Uk
=ACF  \\$aBritish Library not licensed to copy$c0$e01-jul-2003$g0$hC$iCLA-excluded$5Uk
=ACF  \\$aCurrent copyright fee: GBP5.00$c0$e01-jul-2002$fGBP5.00$g0$hC$5Uk
=ACF  \\$aCurrent copyright fee: GBP4.40$c0$e01-jul-1998$fGBP4.40$g0$hA$5Uk
=CAT  \\$aCONV$b00$c20040425$lBLL90$h0857
=CAT  \\$aBATCH-UPD$b00$c20091231$lBLL01$h1819
=CAT  \\$aBATCH$b00$c20091231$lBLL01$h1838
=CAT  \\$aBATCH-CLA$b00$c20100224$lBLL01$h1212
=CAT  \\$aBATCH-UPD$b00$c20100331$lBLL01$h2123
=CAT  \\$aBATCH-UPD$b00$c20100401$lBLL01$h0056
=CAT  \\$aBATCH$b00$c20100401$lBLL01$h0405
=CAT  \\$aBATCH$b00$c20100401$lBLL01$h1415
=CAT  \\$aBATCH-CLA$b00$c20100602$lBLL01$h1420
=CAT  \\$aBATCH-UPD$b00$c20100630$lBLL01$h1910
=CAT  \\$aBATCH-UPD$b00$c20100630$lBLL01$h1947
=CAT  \\$aIPL-CLA$c20100630$lBLL01$h2013
=CAT  \\$aBATCH-CLA$b00$c20100831$lBLL01$h1539
=CAT  \\$aIPL-CLA$c20100930$lBLL01$h1456
=CAT  \\$aBATCH-CLA$b00$c20101115$lBLL01$h1613
=CAT  \\$aIPL-CLA$c20101231$lBLL01$h1239
=CAT  \\$aBATCH-CLA$b00$c20110228$lBLL01$h1554
=CAT  \\$aIPL-CLA$c20110331$lBLL01$h1434
=CAT  \\$aBATCH-CLA$b00$c20110531$lBLL01$h1646
=CAT  \\$aIPL-CLA$c20110630$lBLL01$h1515
=CAT  \\$aBATCH-CLA$b00$c20110831$lBLL01$h1807
=CAT  \\$aIPL-CLA$c20110930$lBLL01$h1515
=CAT  \\$a10806$b40$c20111004$lBLL01$h0903
=CAT  \\$aBATCH-CLA$b00$c20121104$lBLL01$h1020
=CAT  \\$aWR13.005$c20130323$lBLL01$h1516
=CAT  \\$aWR14_140$c20140905$lBLL01$h1730
=CFI  0\$aCurrent Copyright Fee: GBP72.00$c0$e01-oct-2011$fGBP72.00$g0$hC$5Uk
=CFI  2\$aPrevious Copyright Fee: GBP72.00$c0$e01-jul-2011$fGBP72.00$g0$hC$5Uk
=FIN  \\$aY
=FMT  \\$a  SE
=LAS  \\$aWR14_140$b00$c20140905$lBLL01$h1730
=LEO  \\$aMP10.0000249810
=LEO  \\$aMP25.0000275159
=LEO  \\$aMP5.0000800613
=SRC  \\$aDSS01$bbibmp10.200404.2.aa
=SRC  \\$aSRI01$bbibmp25.200404.2.aa
=SRC  \\$aBNB03$bbibmp5.200404.2.ab
=TCO  \\$aCLA$bCLA$c008

