=LDR  01245 am a2200361ua 4500
=001  008906530
=003  Uk
=005  20091122095100.0
=008  930504|1992\\\\enk\\\\||\\\\||||\||eng\\
=019  0\$as589080008
=040  \\$aUk$cUk
=084  \\$aDL 220$2blsrissc
=084  \\$aDL 60$2blsrissc
=110  2\$aPriorities Board for Research and Development in Agriculture and Food.
=245  00$aReport to the agriculture ministers and the chairman of the Agricultural and Food Research Council /$cPriorities Board for Research and Development in Agriculture and Food.
=246  3\$aAdvisory sectoral groups
=260  \\$aLondon :$bMAFF Publications,$c1992.
=300  \\$a2 v. ;$c30cm.
=336  \\$atext$2rdacontent
=337  \\$aunmediated$2rdamedia
=338  \\$avolume$2rdacarrier
=500  \\$aPt. 2 title: Advisory sectoral groups.
=852  41$aBritish Library$bHMNTS
=852  71$aBritish Library$bSTI$k(B)$hDL 220$2blsrissc
=957  \\$aCR
=CAT  \\$aCONV$b00$c20040425$lBLL90$h0857
=CAT  \\$aCONV$b00$c20040502$lBLL01$h1307
=CAT  \\$aBATCH$b00$c20091122$lBLL01$h0951
=FIN  \\$aY
=FMT  \\$a  BK
=LAS  \\$aBATCH$b00$c20091122$lBLL01$h0951
=LEO  \\$aMP25.0000280139
=SRC  \\$aSRI01$bbibmp25.200404.2.aa

