=LDR  01474 as a2200445ua 4500
=001  008909220
=003  Uk
=005  20080428115428.0
=007  ta
=008  931123d19931996enka|\\\\\\\\\0\\\a0eng\\
=019  0\$as594665000
=019  c\$a2487369
=040  \\$aUk$cUk$dUk
=082  04$a629.222$221
=084  \\$aAA 772$2blsrissc
=245  00$aClassic and sportscar.$pDirectory.
=260  \\$a[London] :$bHaymarket Specialist Motoring,$c[1993]-1996.
=300  \\$c15 cm.
=336  \\$atext$2rdacontent
=337  \\$aunmediated$2rdamedia
=338  \\$avolume$2rdacarrier
=785  00$tClassic and sports car. Owner's bible
=852  71$aBritish Library$bSTI$k(B)$hAA 772$mBusiness$2blsrissc$31994-96***Current issue
=852  49$aBritish Library$bDSC$3For DSC Stock See in 3274.503200
=852  71$aBritish Library$bSTI$cRES$k(XP)$hAA 772$m-E(14)$2blsrissc$31993-1996; 1994-96.***Earlier issues
=985  \\$aRecord merged by DQ team
=CAT  \\$aCONV$b00$c20040425$lBLL90$h0857
=CAT  \\$aCONV$b00$c20040502$lBLL01$h1307
=CAT  \\$a8456$b40$c20080428$lBLL01$h1147
=CAT  \\$a8456$b40$c20080428$lBLL01$h1154
=CAT  \\$aBATCH$b00$c20091209$lBLL01$h0255
=FIN  \\$aY
=FMT  \\$a  SE
=LAS  \\$aBATCH$b00$c20091209$lBLL01$h0255
=LEO  \\$aMP25.0000285816
=LEO  \\$aMP10.0000149304
=SRC  \\$aDSS03$bbibsr.200404.2.aa
=SRC  \\$aSRI01$bbibmp25.200404.2.aa
=SRC  \\$aDSS01$bbibmp10.200404.2.aa
=TCO  \\$aCLA$bCLA$c008

