=LDR  01564aam a2200493 a 4500
=001  009072506
=003  Uk
=005  20041115092759.0
=008  000407s1999\\\\enkabh\\\\\\\\000\0\eng\\
=015  \\$aGBA027183$2bnb
=019  y\$abA027183
=019  9\$a1898044627
=020  \\$a1898044627 :$cNo price
=035  \\$a(WlAbNL)A11694791
=040  \\$aWlAbNL$dUk
=082  04$a381.456413$222
=100  1\$aBeard, Jane.
=245  10$aWal-Mart in the UK /$cJane Beard, James Walton, Steve Webb.
=260  \\$aWatford :$bIGD Business Publication,$c1999.
=300  \\$axii,224p. :$bill. (chiefly col), facsim, form, maps ;$c32cm.
=336  \\$atext$2rdacontent
=337  \\$aunmediated$2rdamedia
=338  \\$avolume$2rdacarrier
=500  \\$aIn ring-binder.
=610  24$aWal-Mart (Firm)
=690  7\$aManagement and Business Studies$2blcoll
=700  1\$aWalton, James.
=700  1\$aWebb, Steve.
=710  2\$aInstitute of Grocery Distribution.
=852  41$aBritish Library$bDSC
=852  71$aBritish Library$bSTI$cRES$k(XB)$hAL 24$2blsrissc
=CAT  \\$aCONV$b00$c20040425$lBLL90$h0542
=CAT  \\$aCONV$b00$c20040502$lBLL01$h1314
=CAT  \\$a6916$b40$c20041108$lBLL01$h1610
=CAT  \\$a10743$b40$c20041109$lBLL01$h1413
=CAT  \\$a10743$b40$c20041115$lBLL01$h0927
=CAT  \\$aBATCH$b00$c20090527$lBLL01$h1834
=FIN  \\$aY
=FMT  \\$a  BK
=LAS  \\$aBATCH$b00$c20090527$lBLL01$h1834
=LEO  \\$aMP5.0000447949
=LEO  \\$aMP5.0001872726
=SRC  \\$aBNB03$bbibmp5.200404.2.aa
=SRC  \\$aBNB03$bbibmp5.200404.2.ad

