=LDR  04997cas a22011057a 4500
=001  009082607
=003  Uk
=005  20230210004749.0
=006  aabc\|||||||||||||
=007  ta
=008  950502d19951997enk|||p|||\\\\0\\\a0eng\\
=015  \\$aGB9542150$2bnb
=019  y\$ab9542150
=019  9\$ab9542150
=019  0\$as609821008
=022  0\$a1359-2378
=039  0\$a2339
=040  \\$aUk$cUk$dUk
=082  04$a388.044$220
=084  \\$aTR 35$2blsrissc
=222  \0$aCargo today
=245  00$aCargo today :$bthe journal of the ICHCA.
=260  \\$aLondon (71 Broadway, London, SW8 1SH) :$bICHCA,$c1995-1997.
=300  \\$av. :$bill. (some col.), maps, ports. ;$c30cm.
=336  \\$atext$2rdacontent
=337  \\$aunmediated$2rdamedia
=338  \\$avolume$2rdacarrier
=362  0\$aVol.1, issue 1, (Mar. 1995)- v.3, issue 5 (Oct. 1997)
=500  \\$aThe journal of the International Cargo Handling Co-ordination Association.
=540  \\$aCurrent Copyright Fee: GBP25.00$c0$5Uk
=580  \\$aMerged with: ICHCA news and cargo management information service, to become: ICHCA news and cargo today.
=653  1\$aGoods$aMaterials handling
=710  2\$aInternational Cargo Handling Coordination Association.
=785  07$tICHCA news and cargo management information service$x1028-8821
=785  07$tICHCA news and cargo today$x1029-1768
=852  49$aBritish Library$bDSC$3See shelfmark 3052.433000 for vol. 2(4), 1996- 3(5), 1997 *A=1
=852  71$aBritish Library$bSTI$k(P)$hTR 35$m-E(19)$2blsrissc$31995-1997; Vol.1-3.
=957  \\$aCR
=ACF  \\$aPrevious Copyright Fee: GBP12.00$c0$e01-apr-2012$fGBP12.00$g0$hC$5Uk
=ACF  \\$aPrevious Copyright Fee: GBP12.00$c0$e01-jan-2012$fGBP12.00$g0$hC$5Uk
=ACF  \\$aPrevious Copyright Fee: GBP10.50$c0$e01-oct-2011$fGBP10.50$g0$hC$5Uk
=ACF  \\$aPrevious Copyright Fee: GBP10.50$c0$e01-jul-2011$fGBP10.50$g0$hC$5Uk
=ACF  \\$aPrevious Copyright Fee: GBP10.50$c0$e01-apr-2011$fGBP10.50$g0$hC$5Uk
=ACF  \\$aPrevious Copyright Fee: GBP10.50$c0$e01-jan-2011$fGBP10.50$g0$hC$5Uk
=ACF  \\$aPrevious Copyright Fee: GBP9.00$c0$e01-oct-2010$fGBP9.00$g0$hC$5Uk
=ACF  \\$aPrevious Copyright Fee: GBP9.00$c0$e01-jul-2010$fGBP9.00$g0$hC$5Uk
=ACF  \\$aPrevious Copyright Fee: GBP9.00$c0$e01-apr-2010$fGBP9.00$g0$hC$5Uk
=ACF  \\$aPrevious Copyright Fee: GBP9.00$c0$e01-Jan-2010$fGBP9.00$g0$hC$5Uk
=ACF  \\$aPrevious Copyright Fee: GBP6.00$c0$e01-oct-2009$fGBP6.00$g0$hC$5Uk
=ACF  \\$aPrevious Copyright Fee: GBP12.00$c0$e01-jul-2012$fGBP12.00$g0$hC$5Uk
=ACF  \\$aPrevious Copyright Fee: GBP12.00$c0$e01-oct-2012$fGBP12.00$g0$hC$5Uk
=ACF  \\$aPrevious Copyright Fee: GBP12.30$c0$e01-jan-2014$fGBP12.30$g0$hC$5Uk
=ACF  \\$aPrevious Copyright Fee: GBP15.00$c0$e01-jan-2017$fGBP15.00$g0$hC$5Uk
=ACF  \\$aPrevious Copyright Fee: GBP17.50$c0$e01-jan-2018$fGBP17.50$g0$hC$5Uk
=ACF  \\$aPrevious Copyright Fee: GBP20.00$c0$e01-jan-2020$fGBP20.00$g0$hC$5Uk
=ACF  \\$aPrevious Copyright Fee: GBP22.50$c0$e01-jan-2021$fGBP22.50$g0$hC$5Uk
=CAT  \\$aCONV$b00$c20040425$lBLL90$h0555
=CAT  \\$aIPL-CLA$c20110630$lBLL01$h1516
=CAT  \\$aBATCH-CLA$b00$c20110831$lBLL01$h1811
=CAT  \\$aIPL-CLA$c20110930$lBLL01$h1516
=CAT  \\$aBATCH-CLA$b00$c20111130$lBLL01$h1219
=CAT  \\$aIPL-CLA$c20111230$lBLL01$h1742
=CAT  \\$aBATCH-CLA$b00$c20120229$lBLL01$h1631
=CAT  \\$aIPL-CLA$c20120330$lBLL01$h1402
=CAT  \\$aBATCH-CLA$b00$c20120531$lBLL01$h1702
=CAT  \\$aIPL-CLA$c20120629$lBLL01$h0958
=CAT  \\$aBATCH-CLA$b00$c20120831$lBLL01$h1527
=CAT  \\$aIPL-CLA$c20120930$lBLL01$h2018
=CAT  \\$aBATCH-CLA$b00$c20121104$lBLL01$h1019
=CAT  \\$aBATCH-CLA$b00$c20131129$lBLL01$h1644
=CAT  \\$aIPL-CLA$c20131231$lBLL01$h1945
=CAT  \\$aWR14_140$c20140905$lBLL01$h1731
=CAT  \\$aBATCH-CLA$b00$c20161130$lBLL01$h1634
=CAT  \\$aIPL-CLA$c20161230$lBLL01$h1847
=CAT  \\$aBATCH-CLA$b00$c20171130$lBLL01$h1653
=CAT  \\$aIPL-CLA$c20171231$lBLL01$h1422
=CAT  \\$aBATCH-CLA$b00$c20191129$lBLL01$h1622
=CAT  \\$aIPL-CLA$c20191231$lBLL01$h1746
=CAT  \\$aBATCH-CLA$b00$c20201126$lBLL01$h1413
=CAT  \\$aIPL-CLA$c20201231$lBLL01$h1947
=CAT  \\$aBATCH-CLA$b00$c20221130$lBLL01$h1425
=CAT  \\$aIPL-CLA$c20221231$lBLL01$h1902
=CAT  \\$aBATCH-CLA$b00$c20230209$lBLL01$h1512
=CAT  \\$aIPL-CLA$c20230210$lBLL01$h0047
=CFI  0\$aCurrent Copyright Fee: GBP25.00$c0$e09-feb-2023$fGBP25.00$g0$hC$5Uk
=CFI  2\$aBritish Library not licensed to copy$c0$e01-jan-2023$hC$iCFP Excluded$5Uk
=FIN  \\$aY
=FMT  \\$a  SE
=LAS  \\$aIPL-CLA$b00$c20230210$lBLL01$h0047
=LEO  \\$aMP5.0000828303
=LEO  \\$aMP25.0000300975
=LKR  \\$aPAR$b009209381$lBLL01$r78507$mCargo today$nICHCA news and cargo today.
=SRC  \\$aBNB03$bbibmp5.200404.2.ab
=SRC  \\$aSRI01$bbibmp25.200404.2.aa
=TCO  \\$aCLA$bCLA$c008

