=LDR  01976 am a2200577 a 4500
=001  009090769
=003  Uk
=005  20060905163503.0
=008  950303s1994\\\\enka\\\||\\\\\000\||eng\\
=015  \\$aGB9523363$2bnb
=019  y\$ab9523363
=019  9\$a0788901346
=019  g\$aadv0100971873
=019  a\$aG02432307
=019  0\$as608017000
=020  \\$a0788901346 (spiral) :$cNo price
=039  0\$a2331
=040  \\$aUk$cUk
=082  04$a910.285$220
=084  \\$aPP 14$2blsrissc
=245  00$aWorld geographical information systems software and services markets :$bmigration to fast PCs from workstations recharacterizes the GIS markets.
=260  \\$aMountain View, Calif. ;$aLondon :$bFrost & Sullivan,$cc1994.
=300  \\$a1 v. (various pagings) :$bill. ;$c28cm.
=336  \\$atext$2rdacontent
=337  \\$aunmediated$2rdamedia
=338  \\$avolume$2rdacarrier
=650  \0$aGeographic information systems.
=650  \0$aMarket surveys.
=650  \0$aComputer software industry.
=653  1\$aGeography$aUse of$aComputers
=710  2\$aFrost & Sullivan.
=852  41$aBritish Library$bDSC
=852  71$aBritish Library$bSTI$k(B)$hPP 14$mBusiness$2blsrissc
=886  2\$2ukmarc$a910$b20$aFrost & Sullivan$xSee$aFrost and Sullivan$z710
=886  2\$2ukmarc$a910$b20$aMarket Intelligence Research Corporation$cFrost and Sullivan$xSee$aFrost and Sullivan$z710
=957  \\$aP
=966  \\$uo$lACQUIS
=CAT  \\$aCONV$b00$c20040425$lBLL90$h0608
=CAT  \\$aCONV$b00$c20040502$lBLL01$h1315
=CAT  \\$aglobal_upd$b40$c20060417$lBLL01$h0739
=CAT  \\$a11306$b40$c20060905$lBLL01$h1635
=CAT  \\$aBATCH$b00$c20091122$lBLL01$h1008
=FIN  \\$aY
=FMT  \\$a  BK
=LAS  \\$aBATCH$b00$c20091122$lBLL01$h1008
=LEO  \\$aMP5.0001201368
=LEO  \\$aMP8.0001124740
=LEO  \\$aMP25.0000299211
=SRC  \\$aBNB03$bbibmp5.200404.2.ac
=SRC  \\$aDSC01$bbibmp8.200404.2.ab
=SRC  \\$aSRI01$bbibmp25.200404.2.aa

