=LDR  02846 am a2200673 a 4500
=001  009099212
=003  Uk
=005  20190116202000.0
=008  980205s1997\\\\enka\\\||\\\\o001\||eng\\
=015  \\$aGB9811590$2bnb
=019  y\$ab9811590
=019  9\$a085954463x
=019  0\$as63589100x
=020  \\$a085954463X (pbk) :$cNo price
=039  0\$a2478
=040  \\$aUk$cUk
=082  04$a635.04909667$221
=084  \\$aDW 79$2blsrissc
=100  10$aCritchley, B. R.
=245  10$aPests of vegetables :$btheir identification and control in Ghana /$ccompiled by B.R. Critchley.
=260  \\$a[Chatham?] :$bNatural Resources Institute,$cc1997.
=300  \\$avi, 282p. :$bill. (some col.) ;$c19cm.
=336  \\$atext$2rdacontent
=337  \\$aunmediated$2rdamedia
=338  \\$avolume$2rdacarrier
=500  \\$aIncludes index.
=500  \\$aOn t.p.: Department for International Development.
=597  \\$aEnhanced$bSRIS DDC
=650  \0$aInsect pests$xControl$zGhana.
=650  \0$aInsect pests$zGhana$xIdentification.
=650  \0$aVegetables$xDiseases and pests$xControl$zGhana.
=650  \0$aVegetables$xDiseases and pests$zGhana$xIdentification.
=653  \\$adiseases$aokra$aonions$ashallots$agarden egg$apeppers$atomato$anematodes$aweeds$apesticides
=710  1\$aGreat Britain.$bDepartment for International Development.
=710  2\$aNatural Resources Institute (Great Britain)
=852  41$aBritish Library$bDSC
=852  71$aBritish Library$bSTI$k(B)$hDW 79$2blsrissc
=886  2\$2ukmarc$a910$b20$aNRI$xSee$aNatural Resources Institute$z710
=886  2\$2ukmarc$a910$b10$aGreat Britain$cOverseas Development Administration$cNatural Resources Institute$xSee$aNatural Resources Institute$z710
=886  2\$2ukmarc$a910$b10$aGreat Britain$cNatural Resources Institute$xSee$aNatural Resources Institute$z710
=886  2\$2ukmarc$a910$b10$aUniversity of Greenwich$cNatural Resources Institute$xSee$aNatural Resources Institute$z710
=886  2\$2ukmarc$a910$b20$aOverseas Development Natural Resources Institute$xSee also$aNatural Resources Institute$z710
=886  2\$2ukmarc$a910$b20$aNatural Resources International$xSee also$aNatural Resources Institute$z710
=957  \\$a980126c
=985  \\$aRecord amended for WR# 13/070
=CAT  \\$aCONV$b00$c20040425$lBLL90$h0625
=CAT  \\$aCONV$b00$c20040502$lBLL01$h1315
=CAT  \\$a5194$b40$c20041027$lBLL01$h1727
=CAT  \\$a5194$b40$c20041103$lBLL01$h1148
=CAT  \\$aBATCH$b00$c20091122$lBLL01$h1012
=CAT  \\$aWR13_070$b00$c20130504$lBLL01$h0200
=CAT  \\$aBATCH-UPD$b00$c20190116$lBLL01$h2020
=FIN  \\$aY
=FMT  \\$a  BK
=LAS  \\$aBATCH-UPD$b00$c20190116$lBLL01$h2020
=LEO  \\$aMP5.0001751706
=LEO  \\$aMP25.0000320066
=SRC  \\$aBNB03$bbibmp5.200404.2.ad
=SRC  \\$aSRI01$bbibmp25.200404.2.aa

