=LDR  04614cas a2201081 a 4500
=001  009183524
=003  Uk
=005  20221231190545.0
=008  000619c20009999enk|||p|||\\\\0\\\|0eng\\
=015  \\$aGBA042377$2bnb
=019  y\$abA042377
=019  9\$abA042377
=019  0\$as658335006
=019  c\$a2615074
=039  0\$a2597
=040  \\$aUk$cUk
=082  04$a338.47621389280941$221
=084  \\$aAU 87$2blsrissc
=245  00$aAccess control systems.$pUK : a report researched and published by MSI Marketing Research for Industry Ltd.
=260  \\$aChester (Viscount House, River Lane, Saltney, Chester CH4 8RH) :$bMSI Marketing Research for Industry,$c2000-
=300  \\$av. :$bill. ;$c30 cm.
=336  \\$atext$2rdacontent
=337  \\$aunmediated$2rdamedia
=338  \\$avolume$2rdacarrier
=362  0\$aMay 2000-
=490  0\$aMSI database
=540  \\$aCurrent Copyright Fee: GBP25.00$c0$5Uk
=595  \\$aSEE ALSO CARD INDEX.
=597  \\$aEnhanced$bSRIS DDC
=650  \0$aSecurity systems industry$zGreat Britain.
=650  \0$aPersonal identification products industry$zGreat Britain.
=650  \0$aMarket surveys$zGreat Britain.
=690  7\$aManagement and Business Studies$2blcoll
=710  2\$aMSI Marketing Research for Industry Ltd.
=852  71$aBritish Library$bSTI$cRES$k(XP)$hAU 87$m-E(2)$2blsrissc$32000- ; 2000-***Earlier issues
=852  41$aBritish Library$bSTI$32000
=852  71$aBritish Library$bSTI$k(B)$hAU 87$mBusiness$2blsrissc$32000- *A=1 SEE ALSO (XP) AU87-E(2)***Accession number 658335006***Current issue
=886  2\$2ukmarc$a910$b20$aMarketing Strategies for Industry (UK) Ltd$xSee also$aMSI Marketing Research for Industry Ltd$z710
=886  2\$2blmarc$a092$b00$a0570.820530n
=945  \\$aACCESS CONTROL SYSTEMS UK MSI DATABASE.
=957  \\$a000406c
=979  \\$aBritish Library$bDSC$j0570.820530N
=985  \\$aRecord merged by SUNCAT Team
=A02  \\$a2615074
=ACF  \\$aPrevious copyright fee: GBP9.00$c0$e01-apr-2010$fGBP9.00$g0$hA$5Uk
=ACF  \\$aPrevious copyright fee: GBP6.00$c0$e01-apr-2008$fGBP6.00$g0$hA$5Uk
=ACF  \\$aPrevious copyright fee: GBP5.00$c0$e01-jul-2002$fGBP5.00$g0$hA$5Uk
=ACF  \\$aCurrent copyright fee: GBP4.40$c0$e01-mar-2002$fGBP4.40$g0$hA$5Uk
=ACF  \\$aPrevious copyright fee: GBP10.50$c0$e01-jan-2011$fGBP10.50$g0$hA$5Uk
=ACF  \\$aPrevious copyright fee: GBP12.00$c0$e01-jan-2012$fGBP12.00$g0$hA$5Uk
=ACF  \\$aPrevious Copyright Fee: GBP12.30$c0$e01-jan-2014$fGBP12.30$g0$hA$5Uk
=ACF  \\$aPrevious Copyright Fee: GBP15.00$c0$e01-jan-2017$fGBP15.00$g0$hA$5Uk
=ACF  \\$aPrevious Copyright Fee: GBP17.50$c0$e01-jan-2018$fGBP17.50$g0$hA$5Uk
=ACF  \\$aPrevious Copyright Fee: GBP20.00$c0$e01-jan-2020$fGBP20.00$g0$hA$5Uk
=CAT  \\$aCONV$b00$c20040425$lBLL90$h0658
=CAT  \\$aBATCH-UPD$b00$c20100331$lBLL01$h2128
=CAT  \\$aBATCH-UPD$b00$c20100401$lBLL01$h0100
=CAT  \\$aBATCH$b00$c20100401$lBLL01$h0409
=CAT  \\$aBATCH$b00$c20100401$lBLL01$h1420
=CAT  \\$aBATCH-UPD$b00$c20101124$lBLL01$h1804
=CAT  \\$aBATCH-UPD$b00$c20101125$lBLL01$h1026
=CAT  \\$aIPL-CLA$c20101231$lBLL01$h1246
=CAT  \\$aWR11_203$c20111204$lBLL01$h1327
=CAT  \\$aIPL-CLA$c20111230$lBLL01$h1747
=CAT  \\$aBATCH-CLA$b00$c20121104$lBLL01$h1015
=CAT  \\$aWR13.005$c20130322$lBLL01$h1927
=CAT  \\$aBATCH-CLA$c20131217$lBLL01$h1748
=CAT  \\$aIPL-CLA$c20131231$lBLL01$h1951
=CAT  \\$aWR14_140$c20140905$lBLL01$h1732
=CAT  \\$aBATCH-CLA$b00$c20161222$lBLL01$h1713
=CAT  \\$aIPL-CLA$c20161230$lBLL01$h1851
=CAT  \\$aBATCH-CLA$b00$c20171222$lBLL01$h2012
=CAT  \\$aIPL-CLA$c20171231$lBLL01$h1426
=CAT  \\$aBATCH-CLA$b00$c20191219$lBLL01$h1638
=CAT  \\$aIPL-CLA$c20191231$lBLL01$h1749
=CAT  \\$aR2001-1524$c20200127$lBLL01$h1933
=CAT  \\$aBATCH-CLA$b00$c20201204$lBLL01$h1435
=CAT  \\$aIPL-CLA$c20201231$lBLL01$h1950
=CAT  \\$aBATCH-CLA$b00$c20221221$lBLL01$h1740
=CAT  \\$aIPL-CLA$c20221231$lBLL01$h1905
=CFI  0\$aCurrent Copyright Fee: GBP25.00$c0$e01-jan-2023$fGBP25.00$g0$hA$5Uk
=CFI  2\$aPrevious Copyright Fee: GBP22.50$c0$e01-jan-2021$fGBP22.50$g0$hA$5Uk
=FIN  \\$aY
=FMT  \\$a  SE
=LAS  \\$aIPL-CLA$b00$c20221231$lBLL01$h1905
=LEO  \\$aMP5.0001456646
=LEO  \\$aMP25.0000340099
=LEO  \\$aMP10.0000027980
=SRC  \\$aBNB03$bbibmp5.200404.2.ac
=SRC  \\$aSRI01$bbibmp25.200404.2.aa
=SRC  \\$aDSS01$bbibmp10.200404.2.aa
=SSD  \\$a25500{dollar}aMay 2000-
=TCO  \\$aCLA$bCLA$c008

