=LDR  03234 as a2200781 a 4500
=001  009196107
=003  Uk
=005  20161111143050.0
=007  ta
=008  791105d19781980enkar\\\\\\\\\0\\\a0eng\d
=010  \\$asn 86017014
=035  \\$a(OCoLC)5651384
=040  \\$aCOO$cCOO$dOCL$dNST$dUk
=042  \\$alcd
=110  2\$aImperial Chemical Industries, ltd.$bJealott's Hill Research Station.
=240  10$aGuide to field experiments and farm projects (1978)
=245  10$aGuide to field experiments and farm projects.
=260  \\$a[Bracknell, Berks.,$bImperial Chemical Industries, ltd., Agricultural Division, Jealott's Hill Research Station]
=300  \\$av. :$bill. ;$c15 cm.
=310  \\$aAnnual
=336  \\$atext$2rdacontent
=337  \\$aunmediated$2rdamedia
=338  \\$avolume$2rdacarrier
=362  0\$a1978-1980.
=650  \0$aAgricultural experiment stations$zGreat Britain.
=780  00$aImperial Chemical Industries, ltd. Jealott's Hill Research Station.$tField experiments and farm projects
=785  00$tJealott's Hill Research Station guide$x0950-768X
=852  49$aBritish Library$bDSC$3See shelfmark 4229.020000
=852  71$aBritish Library$bSTI$k(P)$hDM 124$m-E(35)$2blsrissc$31969-1980; 1969-80. ; Deficient: 1975
=A02  \\$a2076588
=ACF  \\$aPrevious copyright fee: GBP9.00$c0$e01-apr-2010$fGBP9.00$g0$hA$5Uk
=ACF  \\$aPrevious copyright fee: GBP6.00$c0$e01-apr-2008$fGBP6.00$g0$hA$5Uk
=ACF  \\$aPrevious copyright fee: GBP5.00$c0$e01-jul-2002$fGBP5.00$g0$hA$5Uk
=ACF  \\$aCurrent copyright fee: GBP4.40$c0$e01-jul-1998$fGBP4.40$g0$hA$5Uk
=ACF  \\$aCurrent copyright fee: GBP4.20$c0$e01-apr-1997$fGBP4.20$g0$hA$5Uk
=ACF  \\$aPrevious copyright fee: GBP10.50$c0$e01-jan-2011$fGBP10.50$g0$hA$5Uk
=CAT  \\$aCONV$b00$c20040425$lBLL90$h0703
=CAT  \\$aBATCH-UPD$b00$c20080225$lBLL01$h2155
=CAT  \\$aBATCH-UPD$b00$c20080330$lBLL01$h0333
=CAT  \\$aBATCH-UPD$b00$c20080330$lBLL01$h1217
=CAT  \\$aBATCH$b00$c20080330$lBLL01$h1947
=CAT  \\$a8201$b40$c20090714$lBLL01$h1225
=CAT  \\$a8201$b40$c20090714$lBLL01$h1228
=CAT  \\$a8201$b40$c20090714$lBLL01$h1345
=CAT  \\$aBATCH$b00$c20091209$lBLL01$h0407
=CAT  \\$aBATCH$b00$c20091214$lBLL01$h0347
=CAT  \\$aBATCH-UPD$b00$c20100225$lBLL01$h2341
=CAT  \\$aBATCH-UPD$b00$c20100331$lBLL01$h2132
=CAT  \\$aBATCH-UPD$b00$c20100401$lBLL01$h0103
=CAT  \\$aBATCH$b00$c20100401$lBLL01$h0412
=CAT  \\$aBATCH$b00$c20100401$lBLL01$h1424
=CAT  \\$aBATCH-UPD$b00$c20101124$lBLL01$h1808
=CAT  \\$aBATCH-UPD$b00$c20101125$lBLL01$h1029
=CAT  \\$aIPL-CLA$c20101231$lBLL01$h1250
=CAT  \\$aWR11_203$c20111204$lBLL01$h1331
=CAT  \\$aIPL-CLA$c20111230$lBLL01$h1751
=CAT  \\$aBATCH-CLA$b00$c20121104$lBLL01$h1013
=CAT  \\$aBATCH-UPD$b00$c20121104$lBLL01$h1504
=CAT  \\$aWR13.005$c20130322$lBLL01$h1935
=CAT  \\$aBATCH-CLA$c20131217$lBLL01$h1753
=CAT  \\$aIPL-CLA$c20131231$lBLL01$h1957
=CAT  \\$a8874$b40$c20161111$lBLL01$h1430
=FIN  \\$aY
=FMT  \\$a  SE
=LAS  \\$a8874$b40$c20161111$lBLL01$h1430
=LEO  \\$aMP10.0000255330
=SID  \\$aZ39$bOCLC
=TCO  \\$aCLA$bCLA$c008

