=LDR  05113cas a2201153 a 4500
=001  009205229
=003  Uk
=005  20221231190937.0
=008  980622d19981998enk|||p|||\\\\0\\\|0eng\\
=015  \\$aGB9846804$2bnb
=019  y\$ab9846804
=019  9\$ab9846804
=019  0\$as639637000
=019  c\$a2567271
=039  0\$a2497
=040  \\$aUk$cUk
=082  04$a338.4736260944$221
=084  \\$aWJ 31$2blsrissc
=084  \\$aAH 41$2blsrissc
=245  00$aHomes for the elderly & domiciliary care.$pFrance.
=246  3\$aMSI data report: Homes for the elderly & domiciliary care: France
=260  \\$aChester (Viscount House, River Dee Business Park, River Lane, Saltney, Chester, CH4 8QY) :$bMSI Marketing Research for Industry,$c[1998?]
=300  \\$a1 v. ;$c30cm.
=336  \\$atext$2rdacontent
=337  \\$aunmediated$2rdamedia
=338  \\$avolume$2rdacarrier
=362  0\$a[Apr.1998?]-
=490  0\$aMSI data report
=500  \\$aRunning title: MSI data report: Homes for the elderly & domiciliary care: France.
=540  \\$aCurrent Copyright Fee: GBP25.00$c0$5Uk
=580  \\$aContinued by: Domiciliary care for the elderly. France.
=597  \\$aEnhanced$bSRIS DDC
=650  \0$aMarket surveys$zFrance.
=650  \0$aAged$xInstitutional care$zFrance.
=650  \0$aAged$xHousing$zFrance.
=650  \0$aAged$xHome care$zFrance.
=690  7\$aManagement and Business Studies$2blcoll
=710  2\$aMSI Marketing Research for Industry Ltd.
=740  0\$aDomiciliary care for the elderly. France.
=852  41$aBritish Library$bSTI$31998.
=852  71$aBritish Library$bSTI$k(B)$hWJ 31$mBusiness$2blsrissc$31998- *A=1
=852  71$aBritish Library$bSTI$cRES$k(XP)$hWJ 31$m-E(2)$2blsrissc$31998-1998; Apr. 1998.***Earlier issues
=886  2\$2ukmarc$a910$b20$aMarketing Strategies for Industry (UK) Ltd$xSee also$aMSI Marketing Research for Industry Ltd$z710
=886  2\$2blmarc$a092$b00$a4326.177530n
=945  \\$aHOMES FOR THE ELDERLY AND DOMICILIARY CARE FRANCE MSI DATA REPORT.
=957  \\$a980622p
=979  \\$aBritish Library$bDSC$j4326.177530N
=985  \\$aRecord merged by SUNCAT team
=A02  \\$a2567271
=ACF  \\$aPrevious copyright fee: GBP9.00$c0$e01-apr-2010$fGBP9.00$g0$hA$5Uk
=ACF  \\$aPrevious copyright fee: GBP6.00$c0$e01-apr-2008$fGBP6.00$g0$hA$5Uk
=ACF  \\$aPrevious copyright fee: GBP5.00$c0$e01-jul-2002$fGBP5.00$g0$hA$5Uk
=ACF  \\$aCurrent copyright fee: GBP4.40$c0$e01-jul-1998$fGBP4.40$g0$hA$5Uk
=ACF  \\$aCurrent copyright fee: GBP4.20$c0$e05-jun-1998$fGBP4.20$g0$hA$5Uk
=ACF  \\$aPrevious copyright fee: GBP10.50$c0$e01-jan-2011$fGBP10.50$g0$hA$5Uk
=ACF  \\$aPrevious copyright fee: GBP12.00$c0$e01-jan-2012$fGBP12.00$g0$hA$5Uk
=ACF  \\$aPrevious Copyright Fee: GBP12.30$c0$e01-jan-2014$fGBP12.30$g0$hA$5Uk
=ACF  \\$aPrevious Copyright Fee: GBP15.00$c0$e01-jan-2017$fGBP15.00$g0$hA$5Uk
=ACF  \\$aPrevious Copyright Fee: GBP17.50$c0$e01-jan-2018$fGBP17.50$g0$hA$5Uk
=ACF  \\$aPrevious Copyright Fee: GBP20.00$c0$e01-jan-2020$fGBP20.00$g0$hA$5Uk
=CAT  \\$aCONV$b00$c20040425$lBLL90$h0704
=CAT  \\$aBATCH-UPD$b00$c20100331$lBLL01$h2135
=CAT  \\$aBATCH-UPD$b00$c20100401$lBLL01$h0106
=CAT  \\$aBATCH$b00$c20100401$lBLL01$h0415
=CAT  \\$aBATCH$b00$c20100401$lBLL01$h1427
=CAT  \\$aBATCH-UPD$b00$c20101124$lBLL01$h1811
=CAT  \\$aBATCH-UPD$b00$c20101125$lBLL01$h1031
=CAT  \\$aIPL-CLA$c20101231$lBLL01$h1254
=CAT  \\$aWR11_203$c20111204$lBLL01$h1334
=CAT  \\$aIPL-CLA$c20111230$lBLL01$h1755
=CAT  \\$aBATCH-CLA$b00$c20121104$lBLL01$h1011
=CAT  \\$aWR13.005$c20130322$lBLL01$h1940
=CAT  \\$aBATCH-CLA$c20131217$lBLL01$h1813
=CAT  \\$aIPL-CLA$c20131231$lBLL01$h2001
=CAT  \\$aWR14_140$c20140905$lBLL01$h1733
=CAT  \\$aBATCH-CLA$b00$c20161222$lBLL01$h1716
=CAT  \\$aIPL-CLA$c20161230$lBLL01$h1857
=CAT  \\$aBATCH-CLA$b00$c20171222$lBLL01$h2015
=CAT  \\$aIPL-CLA$c20171231$lBLL01$h1431
=CAT  \\$aBATCH-CLA$b00$c20191219$lBLL01$h1641
=CAT  \\$aIPL-CLA$c20191231$lBLL01$h1753
=CAT  \\$aR2001-1524$c20200127$lBLL01$h1933
=CAT  \\$aBATCH-CLA$b00$c20201204$lBLL01$h1437
=CAT  \\$aIPL-CLA$c20201231$lBLL01$h1955
=CAT  \\$aBATCH-CLA$b00$c20221221$lBLL01$h1743
=CAT  \\$aIPL-CLA$c20221231$lBLL01$h1909
=CFI  0\$aCurrent Copyright Fee: GBP25.00$c0$e01-jan-2023$fGBP25.00$g0$hA$5Uk
=CFI  2\$aPrevious Copyright Fee: GBP22.50$c0$e01-jan-2021$fGBP22.50$g0$hA$5Uk
=FIN  \\$aY
=FMT  \\$a  SE
=LAS  \\$aIPL-CLA$b00$c20221231$lBLL01$h1909
=LEO  \\$aMP5.0001500323
=LEO  \\$aMP25.0000323212
=LEO  \\$aMP10.0000268570
=SRC  \\$aBNB03$bbibmp5.200404.2.ac
=SRC  \\$aSRI01$bbibmp25.200404.2.aa
=SRC  \\$aDSS01$bbibmp10.200404.2.aa
=SSD  \\$a25500{dollar}a[Apr.1998?]; 50300{dollar}aContinued by: Domiciliary care for the elderly. France; 74500{dollar}aDomiciliary care for the elderly. France; 74510{dollar}aMSI data report: Homes for the elderly & domiciliary care: France
=TCO  \\$aCLA$bCLA$c008

