=LDR  02876 as a2200697 a 4500
=001  009209574
=003  Uk
=005  20090716114119.0
=007  ta
=008  751105d19731989ii\ar\p\\\\\\\0\\\a0eng\\
=019  0\$as275344002
=022  0\$a0257-2478$y1017-9933
=040  \\$aUk$cUk$dUk
=084  \\$aDV 411$2blsrissc
=110  2\$aInternational Crops Research Institute for the Semi-Arid Tropics.
=222  \0$aICRISAT annual report
=245  10$aICRISAT annual report.
=246  3\$aInternational Crops Research Institute for the Semi-arid Tropics annual report
=260  \\$aPatancheru, India :$bInternational Crops Research Institute for the Semi-Arid Tropics,$c[1974?]-1990.
=300  \\$a16 v. :$bill. ;$c25 cm.
=310  \\$aAnnual
=336  \\$atext$2rdacontent
=337  \\$aunmediated$2rdamedia
=338  \\$avolume$2rdacarrier
=362  0\$a1973/1974-1989.
=515  \\$aReport year for 1973/74- ends Mar. 31st; for <1987>-1989 ends Dec. 31st.
=515  \\$aAnnual reports for year ending 31st March.
=580  \\$aMerged with: ICRISAT research highlights, to form: International Crops Research Institute for the Semi-arid Tropics. ICRISAT report.
=610  20$aInternational Crops Research Institute for the Semi-Arid Tropics$vPeriodicals.
=650  \0$aAgriculture$xResearch$zTropics$vPeriodicals.
=650  \0$aField crops$zTropics$vPeriodicals.
=650  \0$aTropical crops$vPeriodicals.
=650  \0$aTropical crops$xResearch$vPeriodicals.
=785  17$tICRISAT research highlights$x0257-2532
=785  17$tICRISAT report$x1017-9933
=852  71$aBritish Library$bSTI$k(P)$hDV 411$m-E(4)$2blsrissc$31974-1990; 1973/74 - 1989***Accompanying CD-ROM at (TP) DV 411 -E(4)
=852  49$aBritish Library$bDSC$3See shelfmark 4362.068930 for 1973/1974- 1989 *A=1
=A02  \\$a2200303
=CAT  \\$aCONV$b00$c20040425$lBLL90$h0704
=CAT  \\$aCONV$b00$c20040502$lBLL01$h1318
=CAT  \\$c20041009$lBLL01$h1927
=CAT  \\$aBATCH-UPD$b00$c20080223$lBLL01$h1923
=CAT  \\$aBATCH-UPD$b00$c20080225$lBLL01$h2202
=CAT  \\$aBATCH-UPD$b00$c20080330$lBLL01$h0343
=CAT  \\$aBATCH-UPD$b00$c20080330$lBLL01$h1226
=CAT  \\$aBATCH$b00$c20080330$lBLL01$h1954
=CAT  \\$a8201$b40$c20090716$lBLL01$h0948
=CAT  \\$a8201$b40$c20090716$lBLL01$h0957
=CAT  \\$a8201$b40$c20090716$lBLL01$h1141
=CAT  \\$aBATCH-UPD$b40$c20091120$lBLL01$h2136
=CAT  \\$aBATCH$b00$c20091209$lBLL01$h0411
=CAT  \\$aBATCH$b00$c20091214$lBLL01$h0352
=CAT  \\$aBATCH$b00$c20091216$lBLL01$h0124
=CAT  \\$aBATCH-UPD$b00$c20100721$lBLL01$h0940
=FIN  \\$aY
=FMT  \\$a  SE
=LAS  \\$aBATCH-UPD$b00$c20100721$lBLL01$h0940
=LEO  \\$aMP25.0000112804
=LKR  \\$aPAR$b009209575$lBLL01$r78517$mICRISAT annual report$nICRISAT REPORT.
=SRC  \\$aSRI01$bbibmp25.200404.2.aa
=TCO  \\$aXXX$c008

