=LDR  04401cas a2201081 a 4500
=001  009219347
=003  Uk
=005  20221231191233.0
=008  980615c199u9999ie\ar|p|||\\\\0\\\|0eng\\
=015  \\$aGB9837036$2bnb
=019  c\$a2574555
=019  y\$ab9837036
=019  9\$ab9837036
=019  0\$as639474004
=039  0\$a2496
=040  \\$aUk$cUk
=082  04$a636.307209417$221
=084  \\$aEB 17(B)$2blsrissc
=130  0\$aResearch report (Belclare Research Centre)
=245  00$aResearch report /$cTeagasc, Belclare Research Centre.
=260  \\$aTuam (County Galway, Ireland) :$bBelclare Research Centre,$c[199-?]-
=300  \\$av. ;$c30cm.
=310  \\$aAnnual
=336  \\$atext$2rdacontent
=337  \\$aunmediated$2rdamedia
=338  \\$avolume$2rdacarrier
=362  0\$a[199-?]-
=500  \\$aDescription based on: 1996 issue.
=540  \\$aCurrent Copyright Fee: GBP25.00$c0$5Uk
=597  \\$aEnhanced$bSRIS DDC
=650  \0$aSheep$xBreeding$zIreland$xPeriodicals.
=650  \0$aCattle$xBreeding$zIreland$xPeriodicals.
=710  2\$aTeagasc (Organization).$bBelclare Research Centre.
=852  41$aBritish Library$bSTI$31996- *A=1
=852  71$aBritish Library$bSTI$k(P)$hEB 17$m(B) -E(1)$2blsrissc$31996.
=886  2\$2blmarc$a092$b00$a7766.770600n
=886  2\$2ukmarc$a910$b20$aTeagasc$cBelclare Research Centre$xSee$aBelclare Research Centre$z710
=886  2\$2ukmarc$a910$b20$aAthenry Research Centre$xSee also$aBelclare Research Centre$z710
=945  \\$aRESEARCH REPORT- TEAGASC BELCLARE RESEARCH CENTRE.
=957  \\$a980330c
=963  \\$a1996- *A=1$bN$cU
=979  \\$aBritish Library$bDSC$j7766.770600N
=985  \\$aRecord merged by SUNCAT team
=A02  \\$a2574555
=ACF  \\$aPrevious copyright fee: GBP9.00$c0$e01-apr-2010$fGBP9.00$g0$hA$5Uk
=ACF  \\$aPrevious copyright fee: GBP6.00$c0$e01-apr-2008$fGBP6.00$g0$hA$5Uk
=ACF  \\$aPrevious copyright fee: GBP5.00$c0$e01-jul-2002$fGBP5.00$g0$hA$5Uk
=ACF  \\$aCurrent copyright fee: GBP4.40$c0$e12-nov-1998$fGBP4.40$g0$hA$5Uk
=ACF  \\$aPrevious copyright fee: GBP10.50$c0$e01-jan-2011$fGBP10.50$g0$hA$5Uk
=ACF  \\$aPrevious copyright fee: GBP12.00$c0$e01-jan-2012$fGBP12.00$g0$hA$5Uk
=ACF  \\$aPrevious Copyright Fee: GBP12.30$c0$e01-jan-2014$fGBP12.30$g0$hA$5Uk
=ACF  \\$aPrevious Copyright Fee: GBP15.00$c0$e01-jan-2017$fGBP15.00$g0$hA$5Uk
=ACF  \\$aPrevious Copyright Fee: GBP17.50$c0$e01-jan-2018$fGBP17.50$g0$hA$5Uk
=ACF  \\$aPrevious Copyright Fee: GBP20.00$c0$e01-jan-2020$fGBP20.00$g0$hA$5Uk
=CAT  \\$aCONV$b00$c20040425$lBLL90$h0709
=CAT  \\$aBATCH-UPD$b00$c20100401$lBLL01$h0110
=CAT  \\$aBATCH$b00$c20100401$lBLL01$h0418
=CAT  \\$aBATCH$b00$c20100401$lBLL01$h1433
=CAT  \\$aBATCH-UPD$b00$c20101124$lBLL01$h1816
=CAT  \\$aBATCH-UPD$b00$c20101125$lBLL01$h1036
=CAT  \\$aIPL-CLA$c20101231$lBLL01$h1259
=CAT  \\$aWR11_203$c20111204$lBLL01$h1338
=CAT  \\$aIPL-CLA$c20111230$lBLL01$h1800
=CAT  \\$aBATCH-CLA$b00$c20121104$lBLL01$h1008
=CAT  \\$aWR13.005$c20130322$lBLL01$h1948
=CAT  \\$aBATCH-CLA$c20131217$lBLL01$h1819
=CAT  \\$aIPL-CLA$c20131231$lBLL01$h2009
=CAT  \\$aWR14_140$c20140905$lBLL01$h1733
=CAT  \\$aBATCH-UPD$b00$c20160923$lBLL01$h1933
=CAT  \\$aBATCH-CLA$b00$c20161222$lBLL01$h1718
=CAT  \\$aIPL-CLA$c20161230$lBLL01$h1901
=CAT  \\$aBATCH-CLA$b00$c20171222$lBLL01$h2017
=CAT  \\$aIPL-CLA$c20171231$lBLL01$h1436
=CAT  \\$aBATCH-CLA$b00$c20191219$lBLL01$h1643
=CAT  \\$aIPL-CLA$c20191231$lBLL01$h1757
=CAT  \\$aR2001-1524$c20200127$lBLL01$h1934
=CAT  \\$aBATCH-CLA$b00$c20201204$lBLL01$h1439
=CAT  \\$aIPL-CLA$c20201231$lBLL01$h1959
=CAT  \\$aBATCH-CLA$b00$c20221221$lBLL01$h1745
=CAT  \\$aIPL-CLA$c20221231$lBLL01$h1912
=CFI  0\$aCurrent Copyright Fee: GBP25.00$c0$e01-jan-2023$fGBP25.00$g0$hA$5Uk
=CFI  2\$aPrevious Copyright Fee: GBP22.50$c0$e01-jan-2021$fGBP22.50$g0$hA$5Uk
=FIN  \\$aY
=FMT  \\$a  SE
=LAS  \\$aIPL-CLA$b00$c20221231$lBLL01$h1912
=LEO  \\$aMP5.0001499469
=LEO  \\$aMP25.0000323072
=LEO  \\$aMP10.0000502809
=SRC  \\$aBNB03$bbibmp5.200404.2.ac
=SRC  \\$aSRI01$bbibmp25.200404.2.aa
=SRC  \\$aDSS01$bbibmp10.200404.2.aa
=SSD  \\$a25500{dollar}a[199-?]-
=TCO  \\$aIRL$bICLA$c008

