=LDR  04586cas a2201105 a 4500
=001  009221326
=003  Uk
=005  20221231191258.0
=006  aac\\|||||||||||||
=008  980929c19979999enkar|p|||\\\\0\\\|0eng\\
=015  \\$aGB9866189$2bnb
=019  c\$a2571663
=019  y\$ab9866189
=019  9\$ab9866189
=019  0\$as642379009
=039  0\$a2511
=040  \\$aUk$cUk
=082  04$a338.476292094105$221
=084  \\$aVJ 27(S)$2blsrissc
=130  0\$aReview (Society of Motor Manufacturers and Traders)
=245  00$aReview /$cSociety of Motor Manufacturers & Traders Ltd.
=246  3\$aSMMT review
=260  \\$aLondon (Forbes House, Halkin St., London SW1X 7DS) :$bSociety of Motor Manufacturers & Traders,$c[199-?]-
=300  \\$av. :$bcol.ill., col.ports. ;$c30cm.
=310  \\$aAnnual
=336  \\$atext$2rdacontent
=337  \\$aunmediated$2rdamedia
=338  \\$avolume$2rdacarrier
=362  0\$a[199-?]-
=500  \\$aAlso known as: SMMT review.
=500  \\$aDescription based on: 1996-1997 issue.
=540  \\$aCurrent Copyright Fee: GBP25.00$c0$5Uk
=597  \\$aEnhanced$bSRIS DDC
=610  24$aSociety of Motor Manufacturers and Traders$xPeriodicals.
=690  7\$aManagement and Business Studies$2blcoll
=710  2\$aSociety of Motor Manufacturers and Traders.
=852  41$aBritish Library$bSTI$31996/1997- *A=1
=852  71$aBritish Library$bSTI$k(P)$hVJ 27$m(S) -E(1)$2blsrissc$31996/97-1998.
=886  2\$2blmarc$a092$b00$a7786.685500n
=886  2\$2ukmarc$a910$b20$aSMMT$xSee$aSociety of Motor Manufacturers and Traders$z610
=886  2\$2ukmarc$a910$b20$aSMMT$xSee$aSociety of Motor Manufacturers and Traders$z710
=945  \\$aREVIEW- SOCIETY OF MOTOR MANUFACTURERS AND TRADERS LIMITED.
=957  \\$a980601c
=979  \\$aBritish Library$bDSC$j7786.685500N
=985  \\$aRecord merged by SUNCAT team
=A02  \\$a2571663
=ACF  \\$aPrevious copyright fee: GBP9.00$c0$e01-apr-2010$fGBP9.00$g0$hA$5Uk
=ACF  \\$aPrevious copyright fee: GBP6.00$c0$e01-apr-2008$fGBP6.00$g0$hA$5Uk
=ACF  \\$aPrevious copyright fee: GBP5.00$c0$e01-jul-2002$fGBP5.00$g0$hA$5Uk
=ACF  \\$aCurrent copyright fee: GBP4.40$c0$e11-sep-1998$fGBP4.40$g0$hA$5Uk
=ACF  \\$aPrevious copyright fee: GBP10.50$c0$e01-jan-2011$fGBP10.50$g0$hA$5Uk
=ACF  \\$aPrevious copyright fee: GBP12.00$c0$e01-jan-2012$fGBP12.00$g0$hA$5Uk
=ACF  \\$aPrevious Copyright Fee: GBP12.30$c0$e01-jan-2014$fGBP12.30$g0$hA$5Uk
=ACF  \\$aPrevious Copyright Fee: GBP15.00$c0$e01-jan-2017$fGBP15.00$g0$hA$5Uk
=ACF  \\$aPrevious Copyright Fee: GBP17.50$c0$e01-jan-2018$fGBP17.50$g0$hA$5Uk
=ACF  \\$aPrevious Copyright Fee: GBP20.00$c0$e01-jan-2020$fGBP20.00$g0$hA$5Uk
=CAT  \\$aCONV$b00$c20040425$lBLL90$h0709
=CAT  \\$aBATCH-UPD$b00$c20100331$lBLL01$h2140
=CAT  \\$aBATCH-UPD$b00$c20100401$lBLL01$h0110
=CAT  \\$aBATCH$b00$c20100401$lBLL01$h0419
=CAT  \\$aBATCH$b00$c20100401$lBLL01$h1433
=CAT  \\$aBATCH-UPD$b00$c20101124$lBLL01$h1817
=CAT  \\$aBATCH-UPD$b00$c20101125$lBLL01$h1037
=CAT  \\$aIPL-CLA$c20101231$lBLL01$h1300
=CAT  \\$aWR11_203$c20111204$lBLL01$h1339
=CAT  \\$aIPL-CLA$c20111230$lBLL01$h1801
=CAT  \\$aBATCH-CLA$b00$c20121104$lBLL01$h1008
=CAT  \\$aWR13.005$c20130322$lBLL01$h1949
=CAT  \\$aBATCH-CLA$c20131217$lBLL01$h1820
=CAT  \\$aIPL-CLA$c20131231$lBLL01$h2010
=CAT  \\$aWR14_140$c20140905$lBLL01$h1733
=CAT  \\$aBATCH-CLA$b00$c20161222$lBLL01$h1718
=CAT  \\$aIPL-CLA$c20161230$lBLL01$h1902
=CAT  \\$aBATCH-CLA$b00$c20171222$lBLL01$h2018
=CAT  \\$aIPL-CLA$c20171231$lBLL01$h1436
=CAT  \\$aBATCH-CLA$b00$c20191219$lBLL01$h1643
=CAT  \\$aIPL-CLA$c20191231$lBLL01$h1757
=CAT  \\$aR2001-1524$c20200127$lBLL01$h1934
=CAT  \\$aBATCH-CLA$b00$c20201204$lBLL01$h1440
=CAT  \\$aIPL-CLA$c20201231$lBLL01$h1959
=CAT  \\$aBATCH-CLA$b00$c20221221$lBLL01$h1745
=CAT  \\$aIPL-CLA$c20221231$lBLL01$h1912
=CFI  0\$aCurrent Copyright Fee: GBP25.00$c0$e01-jan-2023$fGBP25.00$g0$hA$5Uk
=CFI  2\$aPrevious Copyright Fee: GBP22.50$c0$e01-jan-2021$fGBP22.50$g0$hA$5Uk
=FIN  \\$aY
=FMT  \\$a  SE
=LAS  \\$aIPL-CLA$b00$c20221231$lBLL01$h1912
=LEO  \\$aMP5.0001502582
=LEO  \\$aMP25.0000325646
=LEO  \\$aMP10.0000505548
=SRC  \\$aBNB03$bbibmp5.200404.2.ac
=SRC  \\$aSRI01$bbibmp25.200404.2.aa
=SRC  \\$aDSS01$bbibmp10.200404.2.aa
=SSD  \\$a25500{dollar}a[199-?]-; 74510{dollar}aSMMT review
=TCO  \\$aCLA$bCLA$c008

