=LDR  04801cas a2201177 a 4500
=001  009221870
=003  Uk
=005  20221231191304.0
=006  aa\\\|||||||||||||
=007  ta
=008  980804c19969999enka|2\|||\\\||\\\a0eng\\
=015  \\$aGB9849076$2bnb
=019  y\$ab9849076
=019  9\$ab9849076
=019  0\$as639995004
=019  c\$a2574386
=022  0\$a1460-7727$202
=039  0\$a2498
=040  \\$aUk$cUk
=082  04$a338.47629222094105$221
=084  \\$aVK 45$2blsrissc
=210  0\$aRev. UK new car mark.
=222  \0$aReview of the UK new car market
=245  00$aReview of the UK new car market ... :$bincluding an outlook for ...
=246  00$aReview of the United Kingdom new car market
=260  \\$aLondon (Forbes House, Halkin St., London SW1X 7DS) :$bSociety of Motor Manufacturers and Traders,$c[1997?]-
=300  \\$av. :$bill. ;$c30cm.
=310  \\$aAnnual
=336  \\$atext$2rdacontent
=337  \\$aunmediated$2rdamedia
=338  \\$avolume$2rdacarrier
=362  0\$a[1996?]-
=500  \\$aCover title: The UK new car market.
=500  \\$aDescription based on: 1996 issue.
=540  \\$aCurrent Copyright Fee: GBP25.00$c0$5Uk
=597  \\$aEnhanced$bSRIS DDC
=650  \0$aMarket surveys$zGreat Britain$xPeriodicals.
=650  \0$aAutomobile industry and trade$zGreat Britain$xPeriodicals.
=690  7\$aManagement and Business Studies$2blcoll
=710  2\$aSociety of Motor Manufacturers and Traders.
=852  41$aBritish Library$bSTI$31997- *A=1
=852  71$aBritish Library$bSTI$k(B)$hVK 45$mBusiness$2blsrissc$31997- ; 1996-***Current issue
=852  71$aBritish Library$bSTI$cRES$k(XP)$hVK 45$m-E(25)$2blsrissc$31997- ; 1996-***Earlier issues
=886  2\$2ukmarc$a910$b20$aSMMT$xSee$aSociety of Motor Manufacturers and Traders$z710
=886  2\$2blmarc$a092$b00$a7797.455000n
=945  \\$aREVIEW OF THE UK NEW CAR MARKET.
=957  \\$a980601c
=979  \\$aBritish Library$bDSC$j7797.455000N
=985  \\$aRecord merged by SUNCAT team
=A02  \\$a2574386
=ACF  \\$aPrevious copyright fee: GBP9.00$c0$e01-apr-2010$fGBP9.00$g0$hA$5Uk
=ACF  \\$aPrevious copyright fee: GBP6.00$c0$e01-apr-2008$fGBP6.00$g0$hA$5Uk
=ACF  \\$aPrevious copyright fee: GBP5.00$c0$e01-jul-2002$fGBP5.00$g0$hA$5Uk
=ACF  \\$aCurrent copyright fee: GBP4.40$c0$e10-nov-1998$fGBP4.40$g0$hA$5Uk
=ACF  \\$aPrevious copyright fee: GBP10.50$c0$e01-jan-2011$fGBP10.50$g0$hA$5Uk
=ACF  \\$aPrevious copyright fee: GBP12.00$c0$e01-jan-2012$fGBP12.00$g0$hA$5Uk
=ACF  \\$aPrevious Copyright Fee: GBP12.30$c0$e01-jan-2014$fGBP12.30$g0$hA$5Uk
=ACF  \\$aPrevious Copyright Fee: GBP15.00$c0$e01-jan-2017$fGBP15.00$g0$hA$5Uk
=ACF  \\$aPrevious Copyright Fee: GBP17.50$c0$e01-jan-2018$fGBP17.50$g0$hA$5Uk
=ACF  \\$aPrevious Copyright Fee: GBP20.00$c0$e01-jan-2020$fGBP20.00$g0$hA$5Uk
=CAT  \\$aWR09-126
=CAT  \\$aBATCH-UPD$b00$c20100331$lBLL01$h2140
=CAT  \\$aBATCH-UPD$b00$c20100401$lBLL01$h0111
=CAT  \\$aBATCH$b00$c20100401$lBLL01$h0419
=CAT  \\$aBATCH$b00$c20100401$lBLL01$h1433
=CAT  \\$aBATCH-UPD$b00$c20101124$lBLL01$h1817
=CAT  \\$aBATCH-UPD$b00$c20101125$lBLL01$h1037
=CAT  \\$aIPL-CLA$c20101231$lBLL01$h1300
=CAT  \\$aWR11_203$c20111204$lBLL01$h1339
=CAT  \\$aIPL-CLA$c20111230$lBLL01$h1801
=CAT  \\$aBATCH-CLA$b00$c20121104$lBLL01$h1007
=CAT  \\$aWR13.005$c20130322$lBLL01$h1950
=CAT  \\$aBATCH-CLA$c20131217$lBLL01$h1820
=CAT  \\$aIPL-CLA$c20131231$lBLL01$h2011
=CAT  \\$aWR14_140$c20140905$lBLL01$h1733
=CAT  \\$aBATCH-CLA$b00$c20161222$lBLL01$h1718
=CAT  \\$aIPL-CLA$c20161230$lBLL01$h1902
=CAT  \\$aBATCH-CLA$b00$c20171222$lBLL01$h2018
=CAT  \\$aIPL-CLA$c20171231$lBLL01$h1436
=CAT  \\$aBATCH-CLA$b00$c20191219$lBLL01$h1643
=CAT  \\$aIPL-CLA$c20191231$lBLL01$h1757
=CAT  \\$aR2001-1524$c20200127$lBLL01$h1934
=CAT  \\$aBATCH-CLA$b00$c20201204$lBLL01$h1440
=CAT  \\$aIPL-CLA$c20201231$lBLL01$h1959
=CAT  \\$aBATCH-CLA$b00$c20221221$lBLL01$h1745
=CAT  \\$aIPL-CLA$c20221231$lBLL01$h1913
=CFI  0\$aCurrent Copyright Fee: GBP25.00$c0$e01-jan-2023$fGBP25.00$g0$hA$5Uk
=CFI  2\$aPrevious Copyright Fee: GBP22.50$c0$e01-jan-2021$fGBP22.50$g0$hA$5Uk
=FIN  \\$aY
=FMT  \\$a  SE
=LAS  \\$aIPL-CLA$b00$c20221231$lBLL01$h1913
=LEO  \\$aMP5.0001500512
=LEO  \\$aMP22.0000056606
=LEO  \\$aMP25.0000323531
=LEO  \\$aMP10.0000506294
=SRC  \\$aBNB03$bbibmp5.200404.2.ac
=SRC  \\$aISN01$bbibmp22.200404.2.aa
=SRC  \\$aSRI01$bbibmp25.200404.2.aa
=SRC  \\$aDSS01$bbibmp10.200404.2.aa
=SSD  \\$a25500{dollar}a[1996?]-; 74514{dollar}aThe UK new car market
=TCO  \\$aCLA$bCLA$c008

