=LDR  01405 am a2200457 a 4500
=001  009531597
=003  Uk
=005  20130802083026.0
=008  020110s1997\\\\ii\\\\\||\\\\\001\||eng\\
=010  \\$a98905773
=019  2\$aiole50093
=019  s\$aoaoc07194
=040  \\$aUk$cUk
=082  04$a934
=100  1\$aRajan, K.,$cDr.
=245  10$aArchaeological gazetteer of Tamil Nadu /$cK. Rajan.
=260  \\$aThanjavur :$bManoo Pathippakam,$c1997.
=300  \\$a359 p. :$bill., maps ;$c25 cm.
=336  \\$atext$2rdacontent
=337  \\$aunmediated$2rdamedia
=338  \\$avolume$2rdacarrier
=504  \\$aIncludes bibliographical references (p. 335-342) and index.
=650  \0$aExcavations (Archaeology)$zIndia$zTamil Nadu.
=651  \0$aTamil Nadu (India)$xAntiquities.
=852  11$aBritish Library$bOC$cSPHOA$kOIH$h934
=852  41$aBritish Library$bOC
=957  \\$a0111p
=957  \\$r13/04/1999
=957  \\$r30/11/2001
=AQN  \\$aE40 for OIOC RR
=CAT  \\$aCONV$b00$c20040425$lBLL90$h0847
=CAT  \\$aCONV$b00$c20040502$lBLL01$h1329
=CAT  \\$aBATCH-UPD$b00$c20090515$lBLL01$h0624
=CAT  \\$aBATCH$b00$c20091122$lBLL01$h1200
=CAT  \\$a8456$b40$c20130802$lBLL01$h0830
=FIN  \\$aY
=FMT  \\$a  BK
=LAS  \\$a8456$b40$c20130802$lBLL01$h0830
=LEO  \\$aMP13.0000518314
=SRC  \\$aHSS01$bbibmp13.200404.2.aa
=SRC  \\$aMOP02$bbibm2.200404.2.aa

