=LDR  01777 am a2200553ua 4500
=001  009537680
=003  Uk
=005  20130504020300.0
=008  030324s2003\\\\enka\\\||\\\\\001\||eng\\
=015  \\$aGBA2V8948$2bnb
=019  y\$abA2V8948
=019  9\$a0761973222
=019  1\$a0761973222
=019  s\$aoasp02946
=020  \\$a0761973222 :$cNo price
=039  0\$a2735
=040  \\$aStDuBDS$dUk
=082  04$a305.50941$221
=245  02$aA researcher's guide to the national statistics socio-economic classification /$cedited by David Rose and David Pevalin.
=260  \\$aLondon :$bSAGE,$c2003.
=300  \\$axx, 276 p. :$bill. ;$c25 cm.
=336  \\$atext$2rdacontent
=337  \\$aunmediated$2rdamedia
=338  \\$avolume$2rdacarrier
=500  \\$aIncludes index.
=650  \0$aSocial classes$zGreat Britain$vStatistics.
=650  \0$aSocial classes$zGreat Britain$xResearch.
=690  7\$aSocial Welfare$2blcoll
=700  1\$aPevalin, David J.
=700  1\$aRose, David,$d1947 February 17-
=852  41$aBritish Library$bHMNTS
=852  11$aBritish Library$bHMNTS$cSPHOA$kOPL$h331.70012
=957  \\$r6/3/03$tM/34189-15
=985  \\$aRecord amended for WR# 13/070
=CAT  \\$aCONV$b00$c20040425$lBLL90$h0847
=CAT  \\$aCONV$b00$c20040502$lBLL01$h1329
=CAT  \\$aBATCH$b00$c20091122$lBLL01$h1203
=CAT  \\$aBATCH$b00$c20110625$lBLL01$h0413
=CAT  \\$aBATCH-SWP4$c20110627$lBLL01$h1449
=CAT  \\$aWR13_070$b00$c20130504$lBLL01$h0203
=FIN  \\$aY
=FMT  \\$a  BK
=LAS  \\$aWR13_070$b00$c20130504$lBLL01$h0203
=LDO  \\$aCIP$bhbk
=LEO  \\$aMP5.0000260008
=LEO  \\$aMP13.0001956243
=SRC  \\$aBNB03$bbibmp5.200404.2.aa
=SRC  \\$aHSS01$bbibmp13.200404.2.ad
=SRC  \\$aLDS01$bbiblm.200404.2.aa

