=LDR  01805 am a2200565uu 4500
=001  009537818
=003  Uk
=005  20091214051900.0
=008  911125s1989\\\\xxu\\\\\|d\\\\001\|deng\\
=010  \\$a88034434
=019  a\$aG01184674
=019  1\$a0804433348
=019  s\$aoagh00354
=020  \\$a0804433348
=040  \\$aUk$cUk
=043  \\$ae-uk---
=050  00$aPR111
=082  04$a820/.9/9287$219
=245  00$aBritish women writers :$ba critical reference guide /$cedited by Janet Todd.
=260  \\$aNew York :$bContinuum,$c1989.
=300  \\$axviii, 762 p. ;$c26 cm.
=336  \\$atext$2rdacontent
=337  \\$aunmediated$2rdamedia
=338  \\$avolume$2rdacarrier
=500  \\$a"A Frederick Ungar book.".
=504  \\$aIncludes bibliographies and index.
=590  \\$a"A Frederick Ungar book."
=597  \\$aDLC$b88034434
=650  \0$aEnglish literature$xWomen authors$xDictionaries.
=650  \0$aEnglish literature$xWomen authors$xBio-bibliography.
=650  \0$aWomen and literature$zGreat Britain$xDictionaries.
=650  \0$aWomen authors, English$xBiography$xDictionaries.
=700  1\$aTodd, Janet M.,$d1942-
=852  41$aBritish Library$bDSC
=852  11$aBritish Library$bHMNTS$cSPHOA$kHLR$h820.99287
=886  2\$2blmarc$a010$b00$a88034434
=957  \\$a910615p
=958  \\$a2039.e.
=CAT  \\$aCONV$b00$c20040425$lBLL90$h0847
=CAT  \\$aCONV$b00$c20040502$lBLL01$h1329
=CAT  \\$aglobal_upd$b40$c20060417$lBLL01$h0820
=CAT  \\$aBATCH$b00$c20091209$lBLL01$h0436
=CAT  \\$aBATCH$b00$c20091214$lBLL01$h0519
=FIN  \\$aY
=FMT  \\$a  BK
=LAS  \\$aBATCH$b00$c20091214$lBLL01$h0519
=LEO  \\$aMP8.0000588955
=LEO  \\$aMP13.0001988058
=SRC  \\$aDSC01$bbibmp8.200404.2.aa
=SRC  \\$aHSS01$bbibmp13.200404.2.ad

