=LDR  01941 am a2200613ua 4500
=001  009540337
=003  Uk
=005  20190303210900.0
=008  001012s1999\\\\enka\\\||\\\\\001\||eng\\
=010  \\$a99031281
=015  \\$aGBA064600$2bnb
=019  y\$abA064600
=019  9\$a1555703550
=019  g\$aadv0500001261
=019  a\$aG05875985
=019  1\$a1555703550
=019  s\$aoabl01249
=020  \\$a1555703550 (pbk) :$cNo price
=039  0\$a2613
=040  \\$aUk$cUk
=050  04$aZ
=082  04$a023.9$221
=100  10$aLow, Kathleen.
=245  10$aRecruiting library staff :$ba how_to_do_it manual for librarians /$cKathleen Low.
=260  \\$aNew York, N.Y. ;$aLondon :$bNeal_Schuman,$cc1999.
=300  \\$axiii, 120 p. :$bill. ;$c28 cm.
=336  \\$atext$2rdacontent
=337  \\$aunmediated$2rdamedia
=338  \\$avolume$2rdacarrier
=490  1\$aA how-to_do_it manual for librarians ;$vno. 94
=504  \\$aIncludes bibliographical references and index.
=590  \\$aBibl. & index
=650  \0$aLibrary employees$xRecruiting$zUnited States.
=830  \2$aA how-to_do_it manual for librarians ;$vno. 94
=852  41$aBritish Library$bDSC
=852  11$aBritish Library$bHMNTS$cSPHOA$kHUR$h023.9
=886  2\$2blmarc$a010$b00$a99031281
=966  \\$uo$lACQUIS 29/11/99
=966  \\$lACQUIS 29/11/99
=CAT  \\$aCONV$b00$c20040425$lBLL90$h0847
=CAT  \\$aCONV$b00$c20040502$lBLL01$h1329
=CAT  \\$aglobal_upd$b40$c20060417$lBLL01$h0821
=CAT  \\$aBATCH$b00$c20091122$lBLL01$h1204
=CAT  \\$aBATCH$b00$c20091217$lBLL01$h0105
=CAT  \\$aBATCH-UPD$b00$c20190303$lBLL01$h2109
=FIN  \\$aY
=FMT  \\$a  BK
=LAS  \\$aBATCH-UPD$b00$c20190303$lBLL01$h2109
=LEO  \\$aMP5.0001786798
=LEO  \\$aMP8.0001577226
=LEO  \\$aMP13.0002288818
=SRC  \\$aBNB03$bbibmp5.200404.2.ad
=SRC  \\$aDSC01$bbibmp8.200404.2.ac
=SRC  \\$aHSS01$bbibmp13.200404.2.ad

