=LDR  02096 am a2200529ua 4500
=001  009541058
=003  Uk
=005  20091122120400.0
=008  000221s1999\\\\enkb\\\||\\\\o000\||eng\\
=015  \\$aGB9938115$2bnb
=019  y\$ab9938115
=019  9\$a1857742982
=019  1\$a1857742982
=019  s\$aoasp02595
=020  \\$a1857742982 (pbk.) :$c£20.00
=035  \\$a(StEdNL)E277858660
=039  0\$a2580
=040  \\$aStEdNL$dUk
=043  \\$ae-uk---
=082  04$a352.1409410223$221
=245  00$aGazetteer of the old and new geographies of the United Kingdom /$cOffice for National Statistics.
=260  \\$aLondon :$bOffice for National Statistics,$cc1999.
=300  \\$a116 p. :$bmaps ;$c30 cm.
=336  \\$atext$2rdacontent
=337  \\$aunmediated$2rdamedia
=338  \\$avolume$2rdacarrier
=650  \0$aLegislative bodies$zGreat Britain.
=651  \0$aGreat Britain$vGazetteers.
=690  7\$aManagement and Business Studies$2blcoll
=710  1\$aGreat Britain.$bOffice for National Statistics.
=852  11$aBritish Library$bHMNTS$cSPHOA$kOPQ$h352.041
=852  41$aBritish Library$bHMNTS
=886  2\$2ukmarc$a910$b20$aOffice for National Statistics$eGreat Britain$xSee$aGreat Britain.$xOffice for National Statistics$z710
=886  2\$2ukmarc$a910$b10$aGreat Britain$cOffice of Population Censuses and Surveys$xSee also$aGreat Britain.$xOffice for National Statistics$z710
=886  2\$2ukmarc$a910$b10$aGreat Britain$cCentral Statistical Office$xSee also$aGreat Britain.$xOffice for National Statistics$z710
=886  2\$2ukmarc$a910$b20$aNational Statistics$eGreat Britain$xSee also$aGreat Britain.$xOffice for National Statistics$z710
=CAT  \\$aCONV$b00$c20040425$lBLL90$h0847
=CAT  \\$aCONV$b00$c20040502$lBLL01$h1329
=CAT  \\$aBATCH$b00$c20090528$lBLL01$h1829
=CAT  \\$aBATCH$b00$c20091122$lBLL01$h1204
=FIN  \\$aY
=FMT  \\$a  BK
=LAS  \\$aBATCH$b00$c20091122$lBLL01$h1204
=LEO  \\$aMP5.0001835514
=LEO  \\$aMP13.0002377303
=SRC  \\$aBNB03$bbibmp5.200404.2.ad
=SRC  \\$aHSS01$bbibmp13.200404.2.ad

