=LDR  01457 am a2200445ua 4500
=001  009542011
=003  Uk
=005  20091122120400.0
=008  031001s2003\\\\sp\\\\\||\\\\||||\||spa\\
=019  1\$a8489384401
=019  s\$aoarb04324
=020  \\$a8489384401
=040  \\$aUk$cUk
=082  04$a070.50946
=245  00$aHistoria de la edición y de la lectura en España 1472-1914 /$cbajo la dirección de Víctor Infantes, François Lopez, Jean-François Botrel.
=260  \\$aMadrid :$bFundación Germán Sánchez Ruipérez,$c2003.
=300  \\$a860p. :$bill. ;$c26cm.
=336  \\$atext$2rdacontent
=337  \\$aunmediated$2rdamedia
=338  \\$avolume$2rdacarrier
=490  0\$aBiblioteca del libro
=504  \\$aIncludes bibliography.
=650  \0$aBook industries and trade$zSpain$xHistory.
=650  \0$aBooks and reading$zSpain$xHistory.
=700  1\$aInfantes, Víctor.
=700  1\$aLopez, François.
=700  1\$aBotrel, Jean-François.
=852  11$aBritish Library$bHMNTS$cSPHOA$kRAR$h070.50946
=852  41$aBritish Library$bHMNTS
=957  \\$a0308p
=957  \\$r27/08/2003
=CAT  \\$aCONV$b00$c20040425$lBLL90$h0847
=CAT  \\$aCONV$b00$c20040502$lBLL01$h1329
=CAT  \\$aBATCH$b00$c20091122$lBLL01$h1204
=FIN  \\$aY
=FMT  \\$a  BK
=LAS  \\$aBATCH$b00$c20091122$lBLL01$h1204
=LEO  \\$aMP13.0002689426
=SRC  \\$aHSS01$bbibmp13.200404.2.ae
=SRC  \\$aMOP02$bbibm2.200404.2.aa

