=LDR  06441cas a2201321 a 4500
=001  009542806
=003  Uk
=005  20230210004919.0
=007  ta
=008  771001d19691976enkwr\p\\\\\\\0\\\a0eng\\
=019  c\$a2073662
=022  0\$a0016-4682$202
=030  \\$aGACHAV
=040  \\$aUk$cUk$dUk
=042  \\$aissnuk
=082  0\$a635.905$219
=210  0\$aGard. chron. Hortic. trade j.
=222  \0$aGardeners chronicle. Horticultural trade journal
=245  00$aGardeners chronicle, the horticultural trade journal.
=260  \\$aLondon :$bHaymarket Publishing,$cc1969-c1976]
=300  \\$a15 v. :$bill. ;$c26 cm.
=310  \\$aWeekly
=336  \\$atext$2rdacontent
=337  \\$aunmediated$2rdamedia
=338  \\$avolume$2rdacarrier
=362  0\$aVol. 166, no. 15 (Oct. 10, 1969)-v. 180, no. 14 (Oct. 1, 1976).
=500  \\$aTitle varies slightly.
=540  \\$aCurrent Copyright Fee: GBP12.30$c0$5Uk
=650  \0$aOrnamental horticulture$vPeriodicals.
=650  \0$aHorticulture$vPeriodicals.
=650  \0$aPlants, Ornamental$vPeriodicals.
=650  \0$aOrnamental horticulture$zGreat Britain$vPeriodicals.
=650  \0$aHorticulture$zGreat Britain$vPeriodicals.
=650  \0$aPlants, Ornamental$zGreat Britain$vPeriodicals.
=780  04$tGardeners chronicle & new horticulturalist
=780  04$tHorticultural trade journal$x0018-5310
=785  00$tGC & HTJ$x0309-1147
=852  49$aBritish Library$bDSC$3See shelfmark 4071.260000
=852  71$aBritish Library$bSTI$k(P)$hDT 53$m-E(3)$2blsrissc$31964-1976; Vol.155-164; vol.166, no.15 - vol.180, no.14 ; Deficient: vol.167, no.7; vol.168, no.5, 6, 8, 1970
=985  \\$aRecord merged by DQ team
=ACF  \\$aPrevious Copyright Fee: GBP12.00$c0$e01-apr-2012$fGBP12.00$g0$hC$5Uk
=ACF  \\$aPrevious Copyright Fee: GBP12.00$c0$e01-jan-2012$fGBP12.00$g0$hC$5Uk
=ACF  \\$aPrevious Copyright Fee: GBP10.50$c0$e01-oct-2011$fGBP10.50$g0$hC$5Uk
=ACF  \\$aPrevious Copyright Fee: GBP10.50$c0$e01-jul-2011$fGBP10.50$g0$hC$5Uk
=ACF  \\$aPrevious Copyright Fee: GBP10.50$c0$e01-apr-2011$fGBP10.50$g0$hC$5Uk
=ACF  \\$aPrevious Copyright Fee: GBP10.50$c0$e01-jan-2011$fGBP10.50$g0$hC$5Uk
=ACF  \\$aPrevious Copyright Fee: GBP9.00$c0$e01-oct-2010$fGBP9.00$g0$hC$5Uk
=ACF  \\$aPrevious Copyright Fee: GBP9.00$c0$e01-jul-2010$fGBP9.00$g0$hC$5Uk
=ACF  \\$aPrevious Copyright Fee: GBP9.00$c0$e01-apr-2010$fGBP9.00$g0$hC$5Uk
=ACF  \\$aPrevious Copyright Fee: GBP9.00$c0$e01-Jan-2010$fGBP9.00$g0$hC$5Uk
=ACF  \\$aPrevious Copyright Fee: GBP6.00$c0$e01-oct-2009$fGBP6.00$g0$hC$5Uk
=ACF  \\$aPrevious Copyright Fee: GBP6.00$c0$e01-jul-2009$fGBP6.00$g0$hC$5Uk
=ACF  \\$aPrevious Copyright Fee: GBP6.00$c0$e01-apr-2009$fGBP6.00$g0$hC$5Uk
=ACF  \\$aPrevious Copyright Fee: GBP6.00$c0$e01-jan-2009$fGBP6.00$g0$hC$5Uk
=ACF  \\$aPrevious Copyright Fee: GBP6.00$c0$e01-oct-2008$fGBP6.00$g0$hC$5Uk
=ACF  \\$aPrevious Copyright Fee: GBP6.00$c0$e01-jul-2008$fGBP6.00$g0$hC$5Uk
=ACF  \\$aPrevious Copyright Fee: GBP6.00$c0$e01-apr-2008$fGBP6.00$g0$hC$5Uk
=ACF  \\$aPrevious Copyright Fee: GBP6.00$c0$e01-jan-2008$fGBP6.00$g0$hC$5Uk
=ACF  \\$aPrevious Copyright Fee: GBP5.00$c0$e01-oct-2007$fGBP5.00$g0$hC$5Uk
=ACF  \\$aPrevious Copyright Fee: GBP5.00$c0$e01-jul-2007$fGBP5.00$g0$hC$5Uk
=ACF  \\$aPrevious Copyright Fee: GBP5.00$c0$e01-apr-2007$fGBP5.00$g0$hC$5Uk
=ACF  \\$aPrevious Copyright Fee: GBP5.00$c0$e01-jan-2007$fGBP5.00$g0$hC$5Uk
=ACF  \\$aPrevious Copyright Fee: GBP5.00$c0$e01-oct-2006$fGBP5.00$g0$hC$5Uk
=ACF  \\$aPrevious Copyright Fee: GBP5.00$c0$e01-jul-2006$fGBP5.00$g0$hC$5Uk
=ACF  \\$aPrevious Copyright Fee: GBP5.00$c0$e01-apr-2006$fGBP5.00$g0$hC$5Uk
=ACF  \\$aPrevious Copyright Fee: GBP5.00$c0$e01-jan-2006$fGBP5.00$g0$hC$5Uk
=ACF  \\$aPrevious Copyright Fee: GBP5.00$c0$e01-oct-2005$fGBP5.00$g0$hC$5Uk
=ACF  \\$aPrevious Copyright Fee: GBP5.00$c0$e01-jul-2005$fGBP5.00$g0$hC$5Uk
=ACF  \\$aPrevious Copyright Fee: GBP5.00$c0$e01-apr-2005$fGBP5.00$g0$hC$5Uk
=ACF  \\$aPrevious Copyright Fee: GBP5.00$c0$e01-jan-2005$fGBP5.00$g0$hC$5Uk
=ACF  \\$aPrevious Copyright Fee: GBP5.00$c0$e01-oct-2004$fGBP5.00$g0$hC$5Uk
=ACF  \\$aPrevious Copyright Fee: GBP12.00$c0$e01-jul-2012$fGBP12.00$g0$hC$5Uk
=ACF  \\$aPrevious Copyright Fee: GBP12.00$c0$e01-oct-2012$fGBP12.00$g0$hC$5Uk
=ACF  \\$aPrevious Copyright Fee: GBP12.30$c0$e01-jan-2014$fGBP12.30$g0$hC$5Uk
=CAT  \\$aCONV$b00$c20040425$lBLL90$h0848
=CAT  \\$aBATCH-UPD$b00$c20100630$lBLL01$h1949
=CAT  \\$aIPL-CLA$c20100630$lBLL01$h2015
=CAT  \\$aBATCH-CLA$b00$c20100831$lBLL01$h1516
=CAT  \\$aIPL-CLA$c20100930$lBLL01$h1459
=CAT  \\$aBATCH-CLA$b00$c20101115$lBLL01$h1550
=CAT  \\$aIPL-CLA$c20101231$lBLL01$h1304
=CAT  \\$aBATCH-CLA$b00$c20110228$lBLL01$h1530
=CAT  \\$aIPL-CLA$c20110331$lBLL01$h1438
=CAT  \\$aBATCH-CLA$b00$c20110531$lBLL01$h1634
=CAT  \\$aIPL-CLA$c20110630$lBLL01$h1519
=CAT  \\$aBATCH-CLA$b00$c20110831$lBLL01$h1741
=CAT  \\$aIPL-CLA$c20110930$lBLL01$h1519
=CAT  \\$aBATCH-CLA$b00$c20111130$lBLL01$h1207
=CAT  \\$aIPL-CLA$c20111230$lBLL01$h1805
=CAT  \\$aBATCH-CLA$b00$c20120229$lBLL01$h1622
=CAT  \\$aIPL-CLA$c20120330$lBLL01$h1405
=CAT  \\$aBATCH-CLA$b00$c20120531$lBLL01$h1708
=CAT  \\$aIPL-CLA$c20120629$lBLL01$h1002
=CAT  \\$aBATCH-CLA$b00$c20120831$lBLL01$h1531
=CAT  \\$aIPL-CLA$c20120930$lBLL01$h2024
=CAT  \\$aBATCH-CLA$b00$c20121104$lBLL01$h1004
=CAT  \\$aBATCH-CLA$b00$c20131129$lBLL01$h1634
=CAT  \\$aIPL-CLA$c20131231$lBLL01$h2017
=CAT  \\$aBATCH-CLA$b00$c20221130$lBLL01$h1432
=CAT  \\$aIPL-CLA$c20221231$lBLL01$h1917
=CAT  \\$aBATCH-CLA$b00$c20230209$lBLL01$h1520
=CAT  \\$aIPL-CLA$c20230210$lBLL01$h0049
=CFI  0\$aCurrent Copyright Fee: GBP12.30$c0$e09-feb-2023$fGBP12.30$g0$hC$5Uk
=CFI  2\$aBritish Library not licensed to copy$c0$e01-jan-2023$hC$iCFP Excluded$5Uk
=FIN  \\$aY
=FMT  \\$a  SE
=LAS  \\$aIPL-CLA$b00$c20230210$lBLL01$h0049
=LEO  \\$aMP10.0000242874
=LEO  \\$aMP22.0000000800
=LKR  \\$aPAR$b013893524$lBLL01$nGC & HTJ$mGardeners chronicle. Horticult$r78500
=SRC  \\$aDSS01$bbibmp10.200404.2.aa
=SRC  \\$aISN01$bbibmp22.200404.2.aa
=TCO  \\$aCLA$bCLA$c008

