=LDR  07358cas a2201297 a 4500
=001  009544482
=003  Uk
=005  20230210004942.0
=006  aa\\\\\\\\\\000\0\
=007  ta
=008  040419d19341990enkmx\p\\\\\\\0\\\a0eng\\
=022  0\$a0080-4630$202
=030  \\$aPRLAAZ
=040  \\$aUk$cUk$dUk
=042  \\$aissnuk
=210  0\$aProc. R. Soc. Lond., A Math. phys. sci.
=222  \0$aProceedings of the Royal Society of London. Series A, Mathematical and physical sciences
=245  00$aProceedings of the Royal Society of London.$nSeries A,$pMathematical and physical sciences
=246  13$aProceedings of the Royal Society of London. A, Mathematical and physical sciences
=246  13$aProceedings of the Royal Society. Section A, Mathematical and physical science
=260  \\$aLondon :$bRoyal Society of London,$c1934-1990.
=300  \\$a283 v. :$bill. ;$c26 cm.
=310  \\$aMonthly,$bDec. 1989-
=336  \\$atext$2rdacontent
=337  \\$aunmediated$2rdamedia
=338  \\$avolume$2rdacarrier
=362  0\$aVol. 147, no. 860 (1 Nov. 1934)-v. 429, no. 1877 (8 June 1990).
=530  \\$aAlso available via the World Wide Web to subscribers of JSTOR.
=540  \\$aCurrent Copyright Fee: GBP19.50$c0$5Uk
=555  \\$a1931-1940. 1 v. (In: Index to the Proceedings of the Royal Society of London ... and to the Philosophical transactions of the Royal Society of London); 1941-1950. 1 v. (In: Index to the Proceedings, Philosophical transactions, and Obituary notices of the Royal Society of London); 1951-1960. 1 v.; 1961-1970. 1 v.; 1971-1980. 1 v. (In: Decennial index).
=595  \\$aDSC stock 1969 onwards held at system number 7872571.
=650  \0$aMathematics$vPeriodicals.
=650  \0$aPhysics$vPeriodicals.
=710  2\$aRoyal Society (Great Britain)
=776  08$iAlso issued online as:$tProceedings of the Royal Society of London. Series A, Mathematical and physical sciences$x2053-9169
=780  00$tProceedings of the Royal Society of London. Series A, Containing papers of a mathematical and physical character$x0950-1207
=785  00$tProceedings. Mathematical and physical sciences$x0962-8444
=787  0\$tIndex to the Proceedings of the Royal Society of London ... and to the Philosophical transactions of the Royal Society of London
=787  0\$tIndex to the Proceedings, Philosophical transactions, and Obituary notices of the Royal Society of London
=787  0\$tDecennial index
=852  49$aBritish Library$bDSC$3See shelfmark 6801.000000 for Vol. 147, no. 860 (1 Nov. 1934)-v. 308, no. 1495 (1969)
=852  71$aBritish Library$bSTI$k(P)$hJA 00$m-E(12)$2blsrissc$3Vol. 147, no. 860 (1 Nov. 1934)-v. 429, no. 1877 (8 June 1990); Deficient: v. 378, no. 1775, 1981
=985  \\$aRecord enhanced by DQ team
=ACF  \\$aPrevious Copyright Fee: GBP6.50$c0$e01-apr-2012$fGBP6.50$g0$hC$5Uk
=ACF  \\$aPrevious Copyright Fee: GBP6.50$c0$e01-jan-2012$fGBP6.50$g0$hC$5Uk
=ACF  \\$aPrevious Copyright Fee: GBP6.50$c0$e01-oct-2011$fGBP6.50$g0$hC$5Uk
=ACF  \\$aPrevious Copyright Fee: GBP6.50$c0$e01-jul-2011$fGBP6.50$g0$hC$5Uk
=ACF  \\$aPrevious Copyright Fee: GBP6.50$c0$e01-apr-2011$fGBP6.50$g0$hC$5Uk
=ACF  \\$aPrevious Copyright Fee: GBP6.50$c0$e01-jan-2011$fGBP6.50$g0$hC$5Uk
=ACF  \\$aPrevious Copyright Fee: GBP6.50$c0$e01-oct-2010$fGBP6.50$g0$hC$5Uk
=ACF  \\$aPrevious Copyright Fee: GBP6.50$c0$e01-jul-2010$fGBP6.50$g0$hC$5Uk
=ACF  \\$aPrevious Copyright Fee: GBP6.50$c0$e01-apr-2010$fGBP6.50$g0$hC$5Uk
=ACF  \\$aPrevious Copyright Fee: GBP6.50$c0$e01-Jan-2010$fGBP6.50$g0$hC$5Uk
=ACF  \\$aPrevious Copyright Fee: GBP6.50$c0$e01-oct-2009$fGBP6.50$g0$hC$5Uk
=ACF  \\$aPrevious Copyright Fee: GBP6.50$c0$e01-jul-2009$fGBP6.50$g0$hC$5Uk
=ACF  \\$aPrevious Copyright Fee: GBP6.50$c0$e01-apr-2009$fGBP6.50$g0$hC$5Uk
=ACF  \\$aPrevious Copyright Fee: GBP6.50$c0$e01-jan-2009$fGBP6.50$g0$hC$5Uk
=ACF  \\$aPrevious Copyright Fee: GBP6.50$c0$e01-oct-2008$fGBP6.50$g0$hC$5Uk
=ACF  \\$aPrevious Copyright Fee: GBP6.50$c0$e01-jul-2008$fGBP6.50$g0$hC$5Uk
=ACF  \\$aPrevious Copyright Fee: GBP6.50$c0$e01-apr-2008$fGBP6.50$g0$hC$5Uk
=ACF  \\$aPrevious Copyright Fee: GBP6.50$c0$e01-jan-2008$fGBP6.50$g0$hC$5Uk
=ACF  \\$aPrevious Copyright Fee: GBP6.50$c0$e01-oct-2007$fGBP6.50$g0$hC$5Uk
=ACF  \\$aPrevious Copyright Fee: GBP6.50$c0$e01-jul-2007$fGBP6.50$g0$hC$5Uk
=ACF  \\$aPrevious Copyright Fee: GBP6.50$c0$e01-apr-2007$fGBP6.50$g0$hC$5Uk
=ACF  \\$aPrevious Copyright Fee: GBP6.50$c0$e01-jan-2007$fGBP6.50$g0$hC$5Uk
=ACF  \\$aPrevious Copyright Fee: GBP6.50$c0$e01-oct-2006$fGBP6.50$g0$hC$5Uk
=ACF  \\$aPrevious Copyright Fee: GBP6.50$c0$e01-jul-2006$fGBP6.50$g0$hC$5Uk
=ACF  \\$aPrevious Copyright Fee: GBP6.50$c0$e01-apr-2006$fGBP6.50$g0$hC$5Uk
=ACF  \\$aPrevious Copyright Fee: GBP6.50$c0$e01-jan-2006$fGBP6.50$g0$hC$5Uk
=ACF  \\$aPrevious Copyright Fee: GBP6.50$c0$e01-oct-2005$fGBP6.50$g0$hC$5Uk
=ACF  \\$aPrevious Copyright Fee: GBP6.50$c0$e01-jul-2005$fGBP6.50$g0$hC$5Uk
=ACF  \\$aPrevious Copyright Fee: GBP6.50$c0$e01-jul-2012$fGBP6.50$g0$hC$5Uk
=ACF  \\$aPrevious Copyright Fee: GBP6.50$c0$e01-oct-2012$fGBP6.50$g0$hC$5Uk
=ACF  \\$aPrevious Copyright Fee: GBP19.50$c0$e01-oct-2017$fGBP19.50$g0$hC$5Uk
=CAT  \\$aCONV$b00$c20040425$lBLL90$h0848
=CAT  \\$aIPL-CLA$c20100630$lBLL01$h2015
=CAT  \\$aBATCH-CLA$b00$c20100831$lBLL01$h1533
=CAT  \\$aIPL-CLA$c20100930$lBLL01$h1500
=CAT  \\$aBATCH-CLA$b00$c20101115$lBLL01$h1552
=CAT  \\$aIPL-CLA$c20101231$lBLL01$h1305
=CAT  \\$aBATCH-CLA$b00$c20110228$lBLL01$h1532
=CAT  \\$aIPL-CLA$c20110331$lBLL01$h1439
=CAT  \\$aBATCH-CLA$b00$c20110531$lBLL01$h1638
=CAT  \\$aIPL-CLA$c20110630$lBLL01$h1519
=CAT  \\$aBATCH-CLA$b00$c20110831$lBLL01$h1739
=CAT  \\$aIPL-CLA$c20110930$lBLL01$h1520
=CAT  \\$aBATCH-CLA$b00$c20111130$lBLL01$h1207
=CAT  \\$aIPL-CLA$c20111230$lBLL01$h1806
=CAT  \\$aBATCH-CLA$b00$c20120229$lBLL01$h1606
=CAT  \\$aIPL-CLA$c20120330$lBLL01$h1406
=CAT  \\$aBATCH-CLA$b00$c20120531$lBLL01$h1715
=CAT  \\$aIPL-CLA$c20120629$lBLL01$h1002
=CAT  \\$aBATCH-CLA$b00$c20120831$lBLL01$h1522
=CAT  \\$aIPL-CLA$c20120930$lBLL01$h2025
=CAT  \\$aBATCH-CLA$b00$c20121104$lBLL01$h1004
=CAT  \\$a11316$b40$c20130919$lBLL01$h1507
=CAT  \\$aBATCH-CLA$b00$c20170831$lBLL01$h1626
=CAT  \\$aIPL-CLA$c20170929$lBLL01$h1714
=CAT  \\$aBATCH-CLA$b00$c20221130$lBLL01$h1440
=CAT  \\$aIPL-CLA$c20221231$lBLL01$h1918
=CAT  \\$aBATCH-CLA$b00$c20230209$lBLL01$h1527
=CAT  \\$aIPL-CLA$c20230210$lBLL01$h0049
=CFI  0\$aCurrent Copyright Fee: GBP19.50$c0$e09-feb-2023$fGBP19.50$g0$hC$5Uk
=CFI  2\$aBritish Library not licensed to copy$c0$e01-jan-2023$hC$iCFP Excluded$5Uk
=FIN  \\$aY
=FMT  \\$a  SE
=LAS  \\$aIPL-CLA$b00$c20230210$lBLL01$h0049
=LEO  \\$aMP22.0000003037
=LKR  \\$aPAR$b010191665$lBLL01$r78000$mProceedings of the Royal Society of London. Series A, Mathematical and physical sciences$nProceedings of the Royal Society of London. Series A, Containing papers of a mathematical and physical character
=SRC  \\$aISN01$bbibmp22.200404.2.aa
=TCO  \\$aCLA$bCLA$c008

