=LDR  06163cas a22012013a 4500
=001  009544483
=003  Uk
=005  20230210004942.0
=007  ta
=008  040419d19341990enksr\p\\\\\\\0\\\a0eng\\
=019  c\$a2563022
=022  0\$a0080-4649$202
=030  \\$aPRLBA4
=040  \\$aUk$cUk$dUk
=042  \\$aissnuk
=084  \\$aC 00$2blsrissc
=210  0\$aProc. R. Soc. Lond., B Biol. sci.
=222  \0$aProceedings of the Royal Society of London. Series B, Biological sciences
=245  00$aProceedings of the Royal Society of London.$nSeries B,$pBiological sciences
=246  14$aProceedings of the Royal Society of London. B, Biological sciences
=260  \\$aLondon :$bPrinted for the Royal Society and sold by Harrison & Sons,$c1934-1990.
=300  \\$av. :$bill. ;$c26 cm.
=336  \\$atext$2rdacontent
=337  \\$aunmediated$2rdamedia
=338  \\$avolume$2rdacarrier
=362  0\$aVol. 116, no. B796 (Sept. 1, 1934)-v. 240, no. 1299 (22 June 22, 1990).
=540  \\$aCurrent Copyright Fee: GBP19.50$c0$5Uk
=650  \0$aScience$vPeriodicals.
=710  2\$aRoyal Society (Great Britain)
=776  08$iAlso issued online as:$tProceedings of the Royal Society of London. Series B, Biological sciences$x2053-9193
=780  00$tProceedings of the Royal Society of London. Series B, Containing papers of a biological character$x0950-1193
=785  00$tProceedings. Biological sciences$x0962-8452
=852  71$aBritish Library$bSTI$k(P)$hC 00$m-E(2)$2blsrissc$3Vol. 116, no. B796 (Sept. 1, 1934)-v. 240, no. 1299 (22 June 22, 1990)
=852  49$aBritish Library$bDSC$3See shelfmark 6804.600000
=ACF  \\$aPrevious Copyright Fee: GBP6.50$c0$e01-apr-2012$fGBP6.50$g0$hC$5Uk
=ACF  \\$aPrevious Copyright Fee: GBP6.50$c0$e01-jan-2012$fGBP6.50$g0$hC$5Uk
=ACF  \\$aPrevious Copyright Fee: GBP6.50$c0$e01-oct-2011$fGBP6.50$g0$hC$5Uk
=ACF  \\$aPrevious Copyright Fee: GBP6.50$c0$e01-jul-2011$fGBP6.50$g0$hC$5Uk
=ACF  \\$aPrevious Copyright Fee: GBP6.50$c0$e01-apr-2011$fGBP6.50$g0$hC$5Uk
=ACF  \\$aPrevious Copyright Fee: GBP6.50$c0$e01-jan-2011$fGBP6.50$g0$hC$5Uk
=ACF  \\$aPrevious Copyright Fee: GBP6.50$c0$e01-oct-2010$fGBP6.50$g0$hC$5Uk
=ACF  \\$aPrevious Copyright Fee: GBP6.50$c0$e01-jul-2010$fGBP6.50$g0$hC$5Uk
=ACF  \\$aPrevious Copyright Fee: GBP6.50$c0$e01-apr-2010$fGBP6.50$g0$hC$5Uk
=ACF  \\$aPrevious Copyright Fee: GBP6.50$c0$e01-Jan-2010$fGBP6.50$g0$hC$5Uk
=ACF  \\$aPrevious Copyright Fee: GBP6.50$c0$e01-oct-2009$fGBP6.50$g0$hC$5Uk
=ACF  \\$aPrevious Copyright Fee: GBP6.50$c0$e01-jul-2009$fGBP6.50$g0$hC$5Uk
=ACF  \\$aPrevious Copyright Fee: GBP6.50$c0$e01-apr-2009$fGBP6.50$g0$hC$5Uk
=ACF  \\$aPrevious Copyright Fee: GBP6.50$c0$e01-jan-2009$fGBP6.50$g0$hC$5Uk
=ACF  \\$aPrevious Copyright Fee: GBP6.50$c0$e01-oct-2008$fGBP6.50$g0$hC$5Uk
=ACF  \\$aPrevious Copyright Fee: GBP6.50$c0$e01-jul-2008$fGBP6.50$g0$hC$5Uk
=ACF  \\$aPrevious Copyright Fee: GBP6.50$c0$e01-apr-2008$fGBP6.50$g0$hC$5Uk
=ACF  \\$aPrevious Copyright Fee: GBP6.50$c0$e01-jan-2008$fGBP6.50$g0$hC$5Uk
=ACF  \\$aPrevious Copyright Fee: GBP6.50$c0$e01-oct-2007$fGBP6.50$g0$hC$5Uk
=ACF  \\$aPrevious Copyright Fee: GBP6.50$c0$e01-jul-2007$fGBP6.50$g0$hC$5Uk
=ACF  \\$aPrevious Copyright Fee: GBP6.50$c0$e01-apr-2007$fGBP6.50$g0$hC$5Uk
=ACF  \\$aPrevious Copyright Fee: GBP6.50$c0$e01-jan-2007$fGBP6.50$g0$hC$5Uk
=ACF  \\$aPrevious Copyright Fee: GBP6.50$c0$e01-oct-2006$fGBP6.50$g0$hC$5Uk
=ACF  \\$aPrevious Copyright Fee: GBP6.50$c0$e01-jul-2006$fGBP6.50$g0$hC$5Uk
=ACF  \\$aPrevious Copyright Fee: GBP6.50$c0$e01-apr-2006$fGBP6.50$g0$hC$5Uk
=ACF  \\$aPrevious Copyright Fee: GBP6.50$c0$e01-jan-2006$fGBP6.50$g0$hC$5Uk
=ACF  \\$aPrevious Copyright Fee: GBP6.50$c0$e01-oct-2005$fGBP6.50$g0$hC$5Uk
=ACF  \\$aPrevious Copyright Fee: GBP6.50$c0$e01-jul-2012$fGBP6.50$g0$hC$5Uk
=ACF  \\$aPrevious Copyright Fee: GBP6.50$c0$e01-oct-2012$fGBP6.50$g0$hC$5Uk
=ACF  \\$aPrevious Copyright Fee: GBP19.50$c0$e01-oct-2017$fGBP19.50$g0$hC$5Uk
=CAT  \\$aCONV$b00$c20040425$lBLL90$h0848
=CAT  \\$aBATCH-CLA$b00$c20100831$lBLL01$h1535
=CAT  \\$aIPL-CLA$c20100930$lBLL01$h1500
=CAT  \\$aBATCH-CLA$b00$c20101115$lBLL01$h1609
=CAT  \\$aIPL-CLA$c20101231$lBLL01$h1305
=CAT  \\$aBATCH-CLA$b00$c20110228$lBLL01$h1554
=CAT  \\$aIPL-CLA$c20110331$lBLL01$h1439
=CAT  \\$aBATCH-CLA$b00$c20110531$lBLL01$h1650
=CAT  \\$aIPL-CLA$c20110630$lBLL01$h1519
=CAT  \\$aBATCH-CLA$b00$c20110831$lBLL01$h1813
=CAT  \\$aIPL-CLA$c20110930$lBLL01$h1520
=CAT  \\$aBATCH-CLA$b00$c20111130$lBLL01$h1220
=CAT  \\$aIPL-CLA$c20111230$lBLL01$h1806
=CAT  \\$aBATCH-CLA$b00$c20120229$lBLL01$h1635
=CAT  \\$aIPL-CLA$c20120330$lBLL01$h1406
=CAT  \\$aBATCH-CLA$b00$c20120531$lBLL01$h1700
=CAT  \\$aIPL-CLA$c20120629$lBLL01$h1002
=CAT  \\$aBATCH-CLA$b00$c20120831$lBLL01$h1536
=CAT  \\$aIPL-CLA$c20120930$lBLL01$h2025
=CAT  \\$aBATCH-CLA$b00$c20121104$lBLL01$h1004
=CAT  \\$a11316$b40$c20130920$lBLL01$h0955
=CAT  \\$a8874$b40$c20140619$lBLL01$h1043
=CAT  \\$aBATCH-CLA$b00$c20170831$lBLL01$h1626
=CAT  \\$aIPL-CLA$c20170929$lBLL01$h1714
=CAT  \\$aBATCH-CLA$b00$c20221130$lBLL01$h1440
=CAT  \\$aIPL-CLA$c20221231$lBLL01$h1918
=CAT  \\$aBATCH-CLA$b00$c20230209$lBLL01$h1527
=CAT  \\$aIPL-CLA$c20230210$lBLL01$h0049
=CFI  0\$aCurrent Copyright Fee: GBP19.50$c0$e09-feb-2023$fGBP19.50$g0$hC$5Uk
=CFI  2\$aBritish Library not licensed to copy$c0$e01-jan-2023$hC$iCFP Excluded$5Uk
=FIN  \\$aY
=FMT  \\$a  SE
=LAS  \\$aIPL-CLA$b00$c20230210$lBLL01$h0049
=LEO  \\$aMP10.0000516064
=LEO  \\$aMP22.0000003038
=LKR  \\$aPAR$b010191664$lBLL01$r78000$mProceedings of the Royal Society of London. Series B, Biological sciences$nProceedings of the Royal Society of London. Series B, Containing papers of a biological character
=SRC  \\$aDSS01$bbibmp10.200404.2.aa
=SRC  \\$aISN01$bbibmp22.200404.2.aa
=TCO  \\$aCLA$bCLA$c008

