=LDR  03791cas a2200901 a 4500
=001  009544723
=003  Uk
=005  20221231191803.0
=007  ta
=008  771109d19751975enkqr\p\\\\\\\0\\\a0eng\\
=019  c\$a2094536
=022  0\$a0140-1653
=040  \\$aUk$cUk$dUk
=082  04$a546.7$222
=210  0\$aJ. nonmet. semicond.
=222  \0$aJournal of nonmetals and semiconductors
=245  00$aJournal of nonmetals and semiconductors.
=260  \\$aNew York ;$aLondon ;$aParis :$bGordon and Breach,$c1975.
=300  \\$a1 v. :$bill. ;$c27 cm.
=336  \\$atext$2rdacontent
=337  \\$aunmediated$2rdamedia
=338  \\$avolume$2rdacarrier
=362  0\$aVol. 2, no. 3 (1975).
=510  0\$aChemical abstracts$x0009-2258
=540  \\$aCurrent Copyright Fee: GBP25.00$c0$5Uk
=650  \0$aNonmetals$vPeriodicals.
=650  \0$aSemiconductors$vPeriodicals.
=650  \0$aChemistry, Physical and theoretical$vPeriodicals.
=780  00$tJournal of nonmetals$x0090-3477
=785  00$tSemi-conductors and insulators$x0309-5991
=852  49$aBritish Library$bDSC$3See shelfmark 5022.840000 for vol. 2, no. 3 (1975)
=852  71$aBritish Library$bSTI$k(P)$hKX 70$m-E(2)$2blsrissc$31975; Vol. 2, no. 3.
=985  \\$aRecord merged by DQ team
=ACF  \\$aPrevious Copyright Fee: GBP15.00$c0$e01-oct-2008$fGBP15.00$g0$hC$5Uk
=ACF  \\$aPrevious copyright fee: GBP10.50$c0$e01-jan-2011$fGBP10.50$g0$hA$5Uk
=ACF  \\$aPrevious copyright fee: GBP12.00$c0$e01-jan-2012$fGBP12.00$g0$hA$5Uk
=ACF  \\$aPrevious Copyright Fee: GBP12.30$c0$e01-jan-2014$fGBP12.30$g0$hA$5Uk
=ACF  \\$aPrevious Copyright Fee: GBP15.00$c0$e01-jan-2017$fGBP15.00$g0$hA$5Uk
=ACF  \\$aPrevious Copyright Fee: GBP17.50$c0$e01-jan-2018$fGBP17.50$g0$hA$5Uk
=ACF  \\$aPrevious Copyright Fee: GBP20.00$c0$e01-jan-2020$fGBP20.00$g0$hA$5Uk
=CAT  \\$aCONV$b00$c20040425$lBLL90$h0848
=CAT  \\$aBATCH-CLA$b00$c20080829$lBLL01$h1843
=CAT  \\$aBATCH-CLA$b00$c20080829$lBLL01$h1846
=CAT  \\$aBATCH-UPD$b00$c20080930$lBLL01$h2333
=CAT  \\$aBATCH$b00$c20081001$lBLL01$h0052
=CAT  \\$aBATCH$b00$c20091209$lBLL01$h0438
=CAT  \\$aBATCH$b00$c20091214$lBLL01$h0520
=CAT  \\$a8201$b40$c20100326$lBLL01$h1102
=CAT  \\$aBATCH-UPD$b40$c20101201$lBLL01$h1224
=CAT  \\$aIPL-CLA$c20101231$lBLL01$h1305
=CAT  \\$aWR11_203$c20111204$lBLL01$h1342
=CAT  \\$aIPL-CLA$c20111230$lBLL01$h1806
=CAT  \\$aBATCH-CLA$b00$c20121104$lBLL01$h1004
=CAT  \\$aBATCH-CLA$c20131217$lBLL01$h1824
=CAT  \\$aIPL-CLA$c20131231$lBLL01$h2018
=CAT  \\$aBATCH-CLA$b00$c20161222$lBLL01$h1720
=CAT  \\$aIPL-CLA$c20161230$lBLL01$h1907
=CAT  \\$aBATCH-CLA$b00$c20171222$lBLL01$h2020
=CAT  \\$aIPL-CLA$c20171231$lBLL01$h1441
=CAT  \\$aBATCH-CLA$b00$c20191219$lBLL01$h1645
=CAT  \\$aIPL-CLA$c20191231$lBLL01$h1801
=CAT  \\$aR2001-1524$c20200127$lBLL01$h1936
=CAT  \\$aBATCH-CLA$b00$c20201204$lBLL01$h1442
=CAT  \\$aIPL-CLA$c20201231$lBLL01$h2004
=CAT  \\$aBATCH-CLA$b00$c20221221$lBLL01$h1747
=CAT  \\$aIPL-CLA$c20221231$lBLL01$h1918
=CFI  0\$aCurrent Copyright Fee: GBP25.00$c0$e01-jan-2023$fGBP25.00$g0$hA$5Uk
=CFI  2\$aPrevious Copyright Fee: GBP22.50$c0$e01-jan-2021$fGBP22.50$g0$hA$5Uk
=FIN  \\$aY
=FMT  \\$a  SE
=LAS  \\$aIPL-CLA$b00$c20221231$lBLL01$h1918
=LEO  \\$aMP10.0000324005
=LEO  \\$aMP22.0000003366
=LKR  \\$aPAR$b012249394$lBLL01$r78000$mJournal of nonmetals and semiconductors$nJournal of nonmetals
=LKR  \\$aPAR$b007516263$lBLL01$nSemiconductors and insulators.$mJournal of nonmetals and semic$r78500
=SRC  \\$aDSS01$bbibmp10.200404.2.aa
=SRC  \\$aISN01$bbibmp22.200404.2.aa
=TCO  \\$aCLA$bCLA$c008

