=LDR  02489 as a2200625 a 4500
=001  009545620
=003  Uk
=005  20080820113553.0
=007  ta
=008  780705d19761980enkar\p\\\\\\o0\\\a0eng\\
=022  0\$a0141-6138$202
=040  \\$aUk$cUk$dUk
=042  \\$aissnuk
=082  04$a363.110941$222
=210  0\$aHealth saf., Manuf. serv. ind.
=222  \0$aHealth and safety. Manufacturing & service industries
=245  00$aHealth and safety :$bManufacturing & service industries.
=246  30$aHealth and safety :$bManufacturing and service industries
=246  13$aManufacturing & service industries
=260  \\$aLondon :$bH.M.S.O.,$c1978-1982.
=300  \\$a5 v. :$bill. ;$c30 cm.
=310  \\$aAnnual
=336  \\$atext$2rdacontent
=337  \\$aunmediated$2rdamedia
=338  \\$avolume$2rdacarrier
=650  \0$aIndustrial hygiene$zGreat Britain.
=650  \0$aIndustrial safety$zGreat Britain$vPeriodicals.
=653  \\$aGreat Britain$aIndustrial health$aSerials
=653  \\$aGreat Britain$aIndustrial safety$aSerials
=710  1\$aGreat Britain.$bHealth and Safety Executive.
=710  1\$aGreat Britain.$bHM Factory Inspectorate.
=710  1\$aGreat Britain.$bHM Explosives Inspectorate.
=710  1\$aGreat Britain.$bRailway Inspectorate.
=780  00$tHealth and safety. Industry & services
=785  00$tManufacturing and service industries, health and safety$x0950-6926
=852  49$aBritish Library$bDSC$3See shelfmark 5365.970000 for 1976- [1987] *A=1
=852  71$aBritish Library$bSTI$k(P)$hHG 00$m-E(8)$2blsrissc$31976- 1985 *A=1
=CAT  \\$aCONV$b00$c20040425$lBLL90$h0848
=CAT  \\$aCONV$b00$c20040502$lBLL01$h1329
=CAT  \\$aglobal_upd$b40$c20060417$lBLL01$h1712
=CAT  \\$a8201$b40$c20080820$lBLL01$h1116
=CAT  \\$a8201$b40$c20080820$lBLL01$h1117
=CAT  \\$a8201$b40$c20080820$lBLL01$h1118
=CAT  \\$a8201$b40$c20080820$lBLL01$h1135
=CAT  \\$aBATCH$b00$c20091209$lBLL01$h0438
=CAT  \\$aBATCH$b00$c20091214$lBLL01$h0521
=CAT  \\$aBATCH-UPD$b00$c20100926$lBLL01$h0659
=FIN  \\$aY
=FMT  \\$a  SE
=LAS  \\$aBATCH-UPD$b00$c20100926$lBLL01$h0659
=LEO  \\$aMP22.0000004780
=LKR  \\$aPAR$b012092119$lBLL01$r78000$mHealth and safety. Manufacturing & service industries$nHealth and safety.
=LKR  \\$aPAR$b010191938$lBLL01$nManufacturing and service indu$mHealth and safety. Manufacturi$r78500
=SRC  \\$aISN01$bbibmp22.200404.2.aa
=TCO  \\$aCLA$bCLA$c008

