=LDR  03416cas a22007817i 4500
=001  009547362
=003  Uk
=005  20221231191816.0
=008  781031d19681973nz\qr\p\\\\\\\0\\\a0eng\\
=019  0\$as26033300x
=022  0\$a0550-6743
=040  \\$aUk$cUk$dUk
=084  \\$aVY 04$2blsrissc
=245  00$aBulletin of the New Zealand Society for Earthquake Engineering.
=260  \\$aWellington :$bThe Society,$c1968-1973.
=300  \\$c28cm.
=310  \\$aQuarterly
=336  \\$atext$2rdacontent
=337  \\$aunmediated$2rdamedia
=338  \\$avolume$2rdacarrier
=540  \\$aCurrent Copyright Fee: GBP25.00$c0$5Uk
=710  2\$aNew Zealand Society for Earthquake Engineering (1998- )
=785  00$tBulletin of the New Zealand National Society for Earthquake Engineering$x0110-0718
=852  49$aBritish Library$bDSC$3See shelfmark 2655.278000
=852  71$aBritish Library$bSTI$k(P)$hVY 04$m-E(4)$2blsrissc$31968-1973; Vol.1-6.***Until 1996
=886  2\$2blmarc$a029$b00$aS260333018
=ACF  \\$aPrevious Copyright Fee: GBP2.00$c0$e01-oct-2008$fGBP2.00$g0$hC$5Uk
=ACF  \\$aPrevious copyright fee: GBP10.50$c0$e01-jan-2011$fGBP10.50$g0$hA$5Uk
=ACF  \\$aPrevious copyright fee: GBP12.00$c0$e01-jan-2012$fGBP12.00$g0$hA$5Uk
=ACF  \\$aPrevious Copyright Fee: GBP12.30$c0$e01-jan-2014$fGBP12.30$g0$hA$5Uk
=ACF  \\$aPrevious Copyright Fee: GBP15.00$c0$e01-jan-2017$fGBP15.00$g0$hA$5Uk
=ACF  \\$aPrevious Copyright Fee: GBP17.50$c0$e01-jan-2018$fGBP17.50$g0$hA$5Uk
=ACF  \\$aPrevious Copyright Fee: GBP20.00$c0$e01-jan-2020$fGBP20.00$g0$hA$5Uk
=CAT  \\$aCONV$b00$c20040425$lBLL90$h0853
=CAT  \\$a8201$b40$c20050919$lBLL01$h1439
=CAT  \\$aglobal_upd$b40$c20060417$lBLL01$h1712
=CAT  \\$aBATCH-CLA$b00$c20080829$lBLL01$h1839
=CAT  \\$aBATCH-UPD$b00$c20080930$lBLL01$h2334
=CAT  \\$aBATCH$b00$c20081001$lBLL01$h0053
=CAT  \\$aBATCH-UPD$b00$c20101201$lBLL01$h1224
=CAT  \\$aIPL-CLA$c20101231$lBLL01$h1305
=CAT  \\$aWR11_203$c20111204$lBLL01$h1342
=CAT  \\$aIPL-CLA$c20111230$lBLL01$h1806
=CAT  \\$aBATCH-CLA$b00$c20121104$lBLL01$h1004
=CAT  \\$aBATCH-CLA$c20131217$lBLL01$h1825
=CAT  \\$aIPL-CLA$c20131231$lBLL01$h2018
=CAT  \\$aBATCH-CLA$b00$c20161222$lBLL01$h1720
=CAT  \\$aIPL-CLA$c20161230$lBLL01$h1908
=CAT  \\$a10804$b40$c20170727$lBLL01$h1130
=CAT  \\$aBATCH-CLA$b00$c20171222$lBLL01$h2020
=CAT  \\$aIPL-CLA$c20171231$lBLL01$h1441
=CAT  \\$a8874$b40$c20181212$lBLL01$h1407
=CAT  \\$aBATCH-CLA$b00$c20191219$lBLL01$h1645
=CAT  \\$aIPL-CLA$c20191231$lBLL01$h1801
=CAT  \\$aR2001-1524$c20200127$lBLL01$h1936
=CAT  \\$aBATCH-CLA$b00$c20201204$lBLL01$h1442
=CAT  \\$aIPL-CLA$c20201231$lBLL01$h2005
=CAT  \\$aBATCH-CLA$b00$c20221221$lBLL01$h1748
=CAT  \\$aIPL-CLA$c20221231$lBLL01$h1918
=CFI  0\$aCurrent Copyright Fee: GBP25.00$c0$e01-jan-2023$fGBP25.00$g0$hA$5Uk
=CFI  2\$aPrevious Copyright Fee: GBP22.50$c0$e01-jan-2021$fGBP22.50$g0$hA$5Uk
=FIN  \\$aY
=FMT  \\$a  SE
=LAS  \\$aIPL-CLA$b00$c20221231$lBLL01$h1918
=LEO  \\$aMP25.0000104329
=LKR  \\$aPAR$b011733661$lBLL01$r78500$mBulletin of the New Zealand Society for Earthquake Engineering.$nBulletin of the New Zealand National Society for Earthquake Engineering.
=SRC  \\$aSRI01$bbibmp25.200404.2.aa
=TCO  \\$aNZL$bCLL$c008

