=LDR  03643cas a2200877 a 4500
=001  009549022
=003  Uk
=005  20230210004953.0
=007  ta
=008  760925d19751985enkmr\p\\\\\\\0\\\a0eng\\
=019  0\$as265359031
=019  c\$a2209335
=022  0\$a0305-6953$202
=040  \\$aUk$cUk$dUk
=042  \\$aissnuk
=084  \\$aGY 00$2blsrissc
=084  \\$aEW 70$2blsrissc
=110  2\$aInternational Research Communications System.
=210  0\$aIRCS med. sci., Surg. transplant.
=222  \0$aIRCS medical science. Surgery and transplantation
=245  10$aIRCS medical science.$pSurgery and transplantation.
=246  3\$aInternational Research Communications System medical science. Surgery and Transplantation
=246  30$aSurgery and transplantation
=260  \\$aLancaster :$bMTP International Research Communications,$c1975-1985.
=300  \\$c30 cm.
=310  \\$aMonthly
=336  \\$atext$2rdacontent
=337  \\$aunmediated$2rdamedia
=338  \\$avolume$2rdacarrier
=500  \\$aCeased publication.
=515  \\$aIssue and page numbering is shared among the various sections of "IRCS medical science".
=540  \\$aCurrent Copyright Fee: GBP25.00$c0$5Uk
=650  \0$aSurgery$vPeriodicals.
=650  \0$aTransplantation of organs, tissues, etc.
=780  00$tResearch on surgery and transplantation$x0305-294X
=785  07$tIRCS medical science. Clinical medicine$x0309-1546
=785  07$tIRCS medical science. Clinical medicine and surgery$x0269-1655
=852  49$aBritish Library$bDSC$3See shelfmark 4567.647070***UKRR-Excluded-Out of Scope
=852  71$aBritish Library$bSTI$k(P)$hGY 00$m-E(5)$2blsrissc$31975-1985; Vol.3-13.***UKRR-Excluded-Out of Scope
=945  \\$aIRCS MEDICAL SCIENCE SURGERY AND TRANSPLANTATION.
=985  \\$aRecord merged by DQ team
=ACF  \\$aCurrent copyright fee: GBP4.20$c0$e01-apr-1997$fGBP4.20$g0$hA$5Uk
=ACF  \\$aCurrent copyright fee: GBP4.40$c0$e01-jul-1998$fGBP4.40$g0$hA$5Uk
=ACF  \\$aPrevious Copyright Fee: GBP17.50$c0$e01-jul-2018$fGBP17.50$g0$hC$5Uk
=ACF  \\$aPrevious Copyright Fee: GBP20.00$c0$e01-jan-2020$fGBP20.00$g0$hC$5Uk
=ACF  \\$aPrevious Copyright Fee: GBP22.50$c0$e01-jan-2021$fGBP22.50$g0$hC$5Uk
=CAT  \\$aCONV$b00$c20040425$lBLL90$h0853
=CAT  \\$aCONV$b00$c20040502$lBLL01$h1329
=CAT  \\$aglobal_upd$b40$c20060417$lBLL01$h1713
=CAT  \\$a8201$b40$c20081027$lBLL01$h1338
=CAT  \\$aBATCH$b00$c20091209$lBLL01$h0439
=CAT  \\$aBATCH$b00$c20091214$lBLL01$h0522
=CAT  \\$aBATCH-CLA$b00$c20121104$lBLL01$h1003
=CAT  \\$aWR13.005$c20130323$lBLL01$h1237
=CAT  \\$aBATCH-CLA$b00$c20180531$lBLL01$h1638
=CAT  \\$aIPL-CLA$c20180630$lBLL01$h1910
=CAT  \\$aBATCH-CLA$b00$c20191129$lBLL01$h1617
=CAT  \\$aIPL-CLA$c20191231$lBLL01$h1801
=CAT  \\$aBATCH-CLA$b00$c20201126$lBLL01$h1403
=CAT  \\$aIPL-CLA$c20201231$lBLL01$h2005
=CAT  \\$aBATCH-CLA$b00$c20221130$lBLL01$h1455
=CAT  \\$aIPL-CLA$c20221231$lBLL01$h1918
=CAT  \\$aBATCH-CLA$b00$c20230209$lBLL01$h1541
=CAT  \\$aIPL-CLA$c20230210$lBLL01$h0049
=CFI  0\$aCurrent Copyright Fee: GBP25.00$c0$e09-feb-2023$fGBP25.00$g0$hC$5Uk
=CFI  2\$aBritish Library not licensed to copy$c0$e01-jan-2023$hC$iCFP Excluded$5Uk
=FIN  \\$aY
=FMT  \\$a  SE
=LAS  \\$aIPL-CLA$b00$c20230210$lBLL01$h0049
=LEO  \\$aMP10.0000302607
=LEO  \\$aMP22.0000018490
=LEO  \\$aMP25.0000106354
=SRC  \\$aDSS01$bbibmp10.200404.2.aa
=SRC  \\$aISN01$bbibmp22.200404.2.aa
=SRC  \\$aSRI01$bbibmp25.200404.2.aa
=TCO  \\$aCLA$bCLA$c008

