=LDR  02150 as a2200601ua 4500
=001  009549456
=003  Uk
=005  20071016103345.0
=007  ta
=008  800108d19231964ru\br\p\\\\\\\0\\\c0rus\\
=019  0\$as266440002
=022  \\$a0258-8404
=040  \\$aUk$cUk$dUk
=041  0\$arus$beng
=082  04$a616.6$221
=084  \\$aGV 70$2blsrissc
=130  0\$aUrologii︠a︡ (Moscow, Russia : 1923)
=245  00$aUrologiia.
=260  \\$aMoskva :$bMeditsina,$c[1923?]-1964
=300  \\$c26cm.
=336  \\$atext$2rdacontent
=337  \\$aunmediated$2rdamedia
=338  \\$avolume$2rdacarrier
=540  \\$aBritish Library not licensed to copy$c0$5Uk
=546  \\$aSummaries in English.
=785  00$tUrolologija i neforologija,$x0042-1154
=852  49$aBritish Library$bDSC$3See shelfmark 0385.100000 for years 1923-1964
=852  71$aBritish Library$bSTI$k(P)$hGV 70$m-R(3)$2blsrissc$31955-1964 ; Deficient: 1956/57
=886  2\$2blmarc$a029$b00$as266440010
=985  \\$aRecord enhanced by DQ team
=ACF  \\$aPrevious Copyright Fee: GBP0.88$c0$e01-oct-2008$fGBP0.88$g0$hC$5Uk
=CAT  \\$aCONV$b00$c20040425$lBLL90$h0853
=CAT  \\$aCONV$b00$c20040502$lBLL01$h1329
=CAT  \\$aglobal_upd$b40$c20060417$lBLL01$h1713
=CAT  \\$a8456$b40$c20071016$lBLL01$h1033
=CAT  \\$aBATCH-CLA$b00$c20080829$lBLL01$h1847
=CAT  \\$aBATCH-UPD$b00$c20080930$lBLL01$h2334
=CAT  \\$aBATCH$b00$c20081001$lBLL01$h0053
=CAT  \\$aBATCH$b00$c20091209$lBLL01$h0439
=CAT  \\$aBATCH$b00$c20091214$lBLL01$h0522
=CAT  \\$aBATCH-UPD$b00$c20101201$lBLL01$h1224
=CAT  \\$aIPL-CLA$c20101231$lBLL01$h1306
=CAT  \\$aBATCH-UPD$b00$c20110907$lBLL01$h1806
=CAT  \\$aIPL-CLA$c20110908$lBLL01$h1721
=CAT  \\$aBATCH-CLA$b00$c20121104$lBLL01$h1003
=CFI  0\$aBritish Library not licensed to copy$c0$e07-sep-2011$hC$iTX$5Uk
=CFI  2\$aPrevious copyright fee: GBP10.50$c0$e01-jan-2011$fGBP10.50$g0$hA$5Uk
=FIN  \\$aY
=FMT  \\$a  SE
=LAS  \\$aBATCH-CLA$b00$c20121104$lBLL01$h1003
=LEO  \\$aMP25.0000106928
=SRC  \\$aSRI01$bbibmp25.200404.2.aa
=TCO  \\$aXXX$c008

