=LDR  04282cas a2200985 a 4500
=001  009553987
=003  Uk
=005  20230210004955.0
=007  ta
=008  830201d19781985enkbx\p\\a\\\\0\\\a0eng\\
=019  0\$as275458016
=022  0\$a1356-6075$202
=040  \\$aUk$cUk$dUk
=042  \\$aissnuk
=082  0\$a016.551028
=084  \\$aOG 44$2blsrissc
=084  \\$aOG 70$2blsrissc
=210  0\$aGeo abstr. G, Remote sens. photogramm. cartogr.
=222  \0$aGeo abstracts. G, Remote sensing photogrammetry and cartography
=245  00$aGeo abstracts.$nG,$pRemote sensing, photogrammetry and cartography.
=246  30$aRemote sensing, photogrammetry and cartography
=260  \\$aNorwich :$bGeo Abstracts,$c1978-1985.
=300  \\$av. ;$c21 cm.
=310  \\$aSix issues yearly
=336  \\$atext$2rdacontent
=337  \\$aunmediated$2rdamedia
=338  \\$avolume$2rdacarrier
=362  0\$a1978/3-1985/6.
=540  \\$aCurrent Copyright Fee: GBP34.00$c0$5Uk
=555  \\$aCumulative index.
=650  \0$aAstronautics in earth sciences$vAbstracts$vPeriodicals.
=650  \0$aRemote sensing$vAbstracts$vPeriodicals.
=650  \0$aPhotogrammetry$vAbstracts$vPeriodicals.
=650  \0$aCartography$vAbstracts$vPeriodicals.
=780  00$tGeo abstracts. G, Remote sensing and cartography$x0305-1951
=785  00$tGeographical abstracts. G, Remote sensing, photogrammetry and cartography$x0268-7933
=852  49$aBritish Library$bDSC$3see shelfmark 4116.782000 for 1974/1-1985/6
=852  71$aBritish Library$bSTI$k(A)$hOG 44$m-E(1)$2blsrissc$31978-1985; 1978/3 - 1985. ; Deficient: 1984/4; 1985/1
=ACF  \\$aPrevious Copyright Fee: GBP19.00$c0$e01-oct-2008$fGBP19.00$g0$hC$5Uk
=ACF  \\$aPrevious copyright fee: GBP10.50$c0$e01-jan-2011$fGBP10.50$g0$hA$5Uk
=ACF  \\$aPrevious copyright fee: GBP12.00$c0$e01-jan-2012$fGBP12.00$g0$hA$5Uk
=ACF  \\$aPrevious Copyright Fee: GBP12.30$c0$e01-jan-2014$fGBP12.30$g0$hA$5Uk
=ACF  \\$aPrevious Copyright Fee: GBP15.00$c0$e01-jan-2017$fGBP15.00$g0$hA$5Uk
=ACF  \\$aPrevious Copyright Fee: GBP17.50$c0$e01-jan-2018$fGBP17.50$g0$hA$5Uk
=ACF  \\$aPrevious Copyright Fee: GBP23.40$c0$e01-oct-2018$fGBP23.40$g0$hC$5Uk
=ACF  \\$aPrevious Copyright Fee: GBP34.00$c0$e01-apr-2021$fGBP34.00$g0$hC$5Uk
=CAT  \\$aCONV$b00$c20040425$lBLL90$h0853
=CAT  \\$a6550$b40$c20070814$lBLL01$h1458
=CAT  \\$a6550$b40$c20070814$lBLL01$h1523
=CAT  \\$a6550$b40$c20070814$lBLL01$h1524
=CAT  \\$aBATCH-CLA$b00$c20080829$lBLL01$h1832
=CAT  \\$aBATCH-UPD$b00$c20080930$lBLL01$h2334
=CAT  \\$aBATCH$b00$c20081001$lBLL01$h0053
=CAT  \\$aBATCH$b00$c20091209$lBLL01$h0441
=CAT  \\$aBATCH$b00$c20091214$lBLL01$h0523
=CAT  \\$aBATCH-UPD$b00$c20101201$lBLL01$h1224
=CAT  \\$aIPL-CLA$c20101231$lBLL01$h1306
=CAT  \\$aWR11_203$c20111204$lBLL01$h1342
=CAT  \\$aIPL-CLA$c20111230$lBLL01$h1806
=CAT  \\$aBATCH-CLA$b00$c20121104$lBLL01$h1003
=CAT  \\$aBATCH-CLA$c20131217$lBLL01$h1825
=CAT  \\$aIPL-CLA$c20131231$lBLL01$h2019
=CAT  \\$aBATCH-CLA$b00$c20161222$lBLL01$h1720
=CAT  \\$aIPL-CLA$c20161230$lBLL01$h1908
=CAT  \\$aBATCH-CLA$b00$c20171222$lBLL01$h2020
=CAT  \\$aIPL-CLA$c20171231$lBLL01$h1441
=CAT  \\$aBATCH-CLA$b00$c20180831$lBLL01$h1628
=CAT  \\$aIPL-CLA$c20180930$lBLL01$h1454
=CAT  \\$aBATCH-CLA$b00$c20210227$lBLL01$h1008
=CAT  \\$aIPL-CLA$c20210331$lBLL01$h1836
=CAT  \\$aBATCH-CLA$b00$c20221130$lBLL01$h1430
=CAT  \\$aIPL-CLA$c20221231$lBLL01$h1918
=CAT  \\$aBATCH-CLA$b00$c20230209$lBLL01$h1517
=CAT  \\$aIPL-CLA$c20230210$lBLL01$h0049
=CFI  0\$aCurrent Copyright Fee: GBP34.00$c0$e09-feb-2023$fGBP34.00$g0$hC$5Uk
=CFI  2\$aBritish Library not licensed to copy$c0$e01-jan-2023$hC$iCFP Excluded$5Uk
=FIN  \\$aY
=FMT  \\$a  SE
=LAS  \\$aIPL-CLA$b00$c20230210$lBLL01$h0049
=LEO  \\$aMP22.0000045370
=LEO  \\$aMP25.0000112931
=LKR  \\$aPAR$b008541268$lBLL01$r78000$mGeo abstracts. G, Remote sensing, photogrammetry and cartography$nGeo abstracts. G. Remote sensing and cartography
=SRC  \\$aISN01$bbibmp22.200404.2.aa
=SRC  \\$aSRI01$bbibmp25.200404.2.aa
=TCO  \\$aCLA$bCLA$c008

