=LDR  06938cas a2201345 a 4500
=001  009555806
=003  Uk
=005  20211231171340.0
=007  h||||||||||||
=008  760825c19209999xxumr\p|||\\\|0\\\a0eng\\
=019  0\$as277913004
=022  0\$a0272-5533
=040  \\$aUk$cUk$dUk
=082  04$a617.005$222
=084  \\$aGY 00$2blsrissc
=210  0\$aArch. surg.$b(Chicago. 1920)
=222  \0$aArchives of surgery$b(Chicago. 1920)
=245  00$aArchives of surgery.
=260  \\$aChicago :$bAmerican Medical Association,$c1920-1950.
=300  \\$a61 v.$bill., plates (part col.)$c27 cm.
=310  \\$aMonthly,$bJune 1925-Sept. 1950
=321  \\$aBimonthly,$b1920-May 1925
=336  \\$atext$2rdacontent
=337  \\$amicroform$2rdamedia
=338  \\$amicrofilm reel$2rdacarrier
=362  0\$av. 1-61, no. 3; July 1920-Sept. 1950.
=500  \\$aAt various times official publication of the Central Surgical Association the Western Surgical Association and the International Cardiovascular Society.
=500  \\$aVol.1-87 on 29 microfilm reels (Ann Arbor, Mich.: University Microfilms, s.d. 4in., 35mm)
=540  \\$aCurrent Copyright Fee: GBP29.21$c0$5Uk
=555  \\$aCumulative index.
=650  \0$aSurgery$vPeriodicals.
=650  02$aSurgical Procedures, Operative$vPeriodicals.
=710  2\$aAmerican Medical Association.
=710  2\$aCentral Surgical Association.
=710  2\$aWestern Surgical Association.
=710  2\$aInternational Cardiovascular Society.
=785  00$tA.M.A. archives of surgery$x0096-6908
=852  71$aBritish Library$bSTI$k(P)$hGY 00$m-E(11)$2blsrissc$3Vol. 1 (1920)-v.61 (1950)
=852  49$aBritish Library$bDSC$3See shelfmark 1643.200000 for vol. 1, 1920- 61(3), 1950
=852  71$aBritish Library$bSTI$k(MP)$hGY 00$m-E(11)$2blsrissc$3Some issues
=ACF  \\$aPrevious Copyright Fee: GBP25.81$c0$e01-apr-2012$fGBP25.81$g0$hC$5Uk
=ACF  \\$aPrevious Copyright Fee: GBP24.00$c0$e01-jan-2012$fGBP24.00$g0$hC$5Uk
=ACF  \\$aPrevious Copyright Fee: GBP24.00$c0$e01-oct-2011$fGBP24.00$g0$hC$5Uk
=ACF  \\$aPrevious Copyright Fee: GBP24.00$c0$e01-jul-2011$fGBP24.00$g0$hC$5Uk
=ACF  \\$aPrevious Copyright Fee: GBP24.00$c0$e01-apr-2011$fGBP24.00$g0$hC$5Uk
=ACF  \\$aPrevious Copyright Fee: GBP24.00$c0$e01-jan-2011$fGBP24.00$g0$hC$5Uk
=ACF  \\$aPrevious Copyright Fee: GBP24.00$c0$e01-oct-2010$fGBP24.00$g0$hC$5Uk
=ACF  \\$aPrevious Copyright Fee: GBP10.20$c0$e01-jul-2010$fGBP10.20$g0$hC$5Uk
=ACF  \\$aPrevious Copyright Fee: GBP10.20$c0$e01-apr-2010$fGBP10.20$g0$hC$5Uk
=ACF  \\$aPrevious Copyright Fee: GBP10.20$c0$e01-Jan-2010$fGBP10.20$g0$hC$5Uk
=ACF  \\$aPrevious Copyright Fee: GBP10.20$c0$e01-oct-2009$fGBP10.20$g0$hC$5Uk
=ACF  \\$aPrevious Copyright Fee: GBP12.14$c0$e01-jul-2009$fGBP12.14$g0$hC$5Uk
=ACF  \\$aPrevious Copyright Fee: GBP12.14$c0$e01-apr-2009$fGBP12.14$g0$hC$5Uk
=ACF  \\$aPrevious Copyright Fee: GBP10.63$c0$e01-jan-2009$fGBP10.63$g0$hC$5Uk
=ACF  \\$aPrevious Copyright Fee: GBP8.50$c0$e01-oct-2008$fGBP8.50$g0$hC$5Uk
=ACF  \\$aPrevious Copyright Fee: GBP8.50$c0$e01-jul-2008$fGBP8.50$g0$hC$5Uk
=ACF  \\$aPrevious Copyright Fee: GBP8.50$c0$e01-apr-2008$fGBP8.50$g0$hC$5Uk
=ACF  \\$aPrevious Copyright Fee: GBP8.50$c0$e01-jan-2008$fGBP8.50$g0$hC$5Uk
=ACF  \\$aPrevious Copyright Fee: GBP8.50$c0$e01-oct-2007$fGBP8.50$g0$hC$5Uk
=ACF  \\$aPrevious Copyright Fee: GBP24.24$c0$e01-jul-2012$fGBP24.24$g0$hC$5Uk
=ACF  \\$aPrevious Copyright Fee: GBP25.81$c0$e01-oct-2012$fGBP25.81$g0$hC$5Uk
=ACF  \\$aPrevious Copyright Fee: GBP25.00$c0$e01-jan-2013$fGBP25.00$g0$hC$5Uk
=ACF  \\$aPrevious Copyright Fee: GBP25.81$c0$e01-jul-2013$fGBP25.81$g0$hC$5Uk
=ACF  \\$aPrevious Copyright Fee: GBP24.00$c0$e01-oct-2013$fGBP24.00$g0$hC$5Uk
=ACF  \\$aPrevious Copyright Fee: GBP25.00$c0$e01-jan-2014$fGBP25.00$g0$hC$5Uk
=ACF  \\$aPrevious Copyright Fee: GBP24.24$c0$e01-jul-2014$fGBP24.24$g0$hC$5Uk
=ACF  \\$aPrevious Copyright Fee: GBP26.66$c0$e01-apr-2015$fGBP26.66$g0$hC$5Uk
=ACF  \\$aPrevious Copyright Fee: GBP26.67$c0$e01-jul-2015$fGBP26.67$g0$hC$5Uk
=ACF  \\$aPrevious Copyright Fee: GBP25.81$c0$e01-oct-2015$fGBP25.81$g0$hC$5Uk
=ACF  \\$aPrevious Copyright Fee: GBP27.59$c0$e01-apr-2016$fGBP27.59$g0$hC$5Uk
=ACF  \\$aPrevious Copyright Fee: GBP29.63$c0$e01-oct-2016$fGBP29.63$g0$hC$5Uk
=ACF  \\$aPrevious Copyright Fee: GBP32.00$c0$e01-apr-2017$fGBP32.00$g0$hC$5Uk
=ACF  \\$aPrevious Copyright Fee: GBP30.40$c0$e01-oct-2017$fGBP30.40$g0$hC$5Uk
=ACF  \\$aPrevious Copyright Fee: GBP30.77$c0$e01-jan-2018$fGBP30.77$g0$hC$5Uk
=ACF  \\$aPrevious Copyright Fee: GBP28.57$c0$e01-apr-2018$fGBP28.57$g0$hC$5Uk
=ACF  \\$aPrevious Copyright Fee: GBP30.77$c0$e01-oct-2018$fGBP30.77$g0$hC$5Uk
=ACF  \\$aPrevious Copyright Fee: GBP32.00$c0$e01-oct-2019$fGBP32.00$g0$hC$5Uk
=ACF  \\$aPrevious Copyright Fee: GBP30.77$c0$e01-apr-2020$fGBP30.77$g0$hC$5Uk
=ACF  \\$aPrevious Copyright Fee: GBP32.00$c0$e01-jul-2020$fGBP32.00$g0$hC$5Uk
=ACF  \\$aPrevious Copyright Fee: GBP29.78$c0$e01-apr-2021$fGBP29.78$g0$hC$5Uk
=ACF  \\$aPrevious Copyright Fee: GBP28.90$c0$e01-jul-2021$fGBP28.90$g0$hC$5Uk
=CAT  \\$aCONV$b00$c20040425$lBLL90$h0853
=CAT  \\$aIPL-CLA$c20160930$lBLL01$h1548
=CAT  \\$aBATCH-CLA$b00$c20170228$lBLL01$h1631
=CAT  \\$aIPL-CLA$c20170331$lBLL01$h1832
=CAT  \\$aBATCH-CLA$b00$c20170831$lBLL01$h1628
=CAT  \\$aIPL-CLA$c20170929$lBLL01$h1714
=CAT  \\$aBATCH-CLA$b00$c20171130$lBLL01$h1711
=CAT  \\$aIPL-CLA$c20171231$lBLL01$h1442
=CAT  \\$aBATCH-CLA$b00$c20180228$lBLL01$h1642
=CAT  \\$aIPL-CLA$c20180331$lBLL01$h1603
=CAT  \\$aBATCH-CLA$b00$c20180831$lBLL01$h1628
=CAT  \\$aIPL-CLA$c20180930$lBLL01$h1454
=CAT  \\$aBATCH-CLA$b00$c20190909$lBLL01$h1715
=CAT  \\$aIPL-CLA$c20190930$lBLL01$h1630
=CAT  \\$aBATCH-CLA$b00$c20200228$lBLL01$h1637
=CAT  \\$aIPL-CLA$c20200331$lBLL01$h1606
=CAT  \\$aBATCH-CLA$b00$c20200529$lBLL01$h1533
=CAT  \\$aIPL-CLA$c20200701$lBLL01$h0047
=CAT  \\$aBATCH-CLA$b00$c20210227$lBLL01$h1012
=CAT  \\$aIPL-CLA$c20210331$lBLL01$h1836
=CAT  \\$aBATCH-CLA$b00$c20210528$lBLL01$h1526
=CAT  \\$aIPL-CLA$c20210704$lBLL01$h1113
=CAT  \\$aBATCH-CLA$b00$c20210917$lBLL01$h1604
=CAT  \\$aIPL-CLA$c20210930$lBLL01$h1646
=CAT  \\$aBATCH-CLA$b00$c20211203$lBLL01$h0816
=CAT  \\$aIPL-CLA$c20211231$lBLL01$h1713
=CFI  0\$aCurrent Copyright Fee: GBP29.21$c0$e01-jan-2022$fGBP29.21$g0$hC$5Uk
=CFI  2\$aPrevious Copyright Fee: GBP28.39$c0$e01-oct-2021$fGBP28.39$g0$hC$5Uk
=FIN  \\$aY
=FMT  \\$a  SE
=LAS  \\$aIPL-CLA$b00$c20211231$lBLL01$h1713
=LEO  \\$aMP25.0000115669
=SRC  \\$aSRI01$bbibmp25.200404.2.aa
=TCO  \\$aTRS$bCCC$c008

