=LDR  01604 as a2200421ua 4500
=001  009556889
=003  Uk
=005  20091122120500.0
=008  821221d19829999at\ar\p|||\\\||\\\||eng\\
=019  0\$as279320019
=022  0\$a0312-8997
=040  \\$aUk$cUk
=082  04$a634.0994$221
=084  \\$aDY 66$2blsrissc
=084  \\$aDY 46$2blsrissc
=110  2\$aWest Australian Nut and Tree Crop Association.
=245  00$aYearbook - West Australian Nut and Tree Crop Association.
=260  \\$aSubiaco, W.A.,$c1982-86.
=300  \\$c21cm.
=310  \\$aAnnual
=336  \\$atext$2rdacontent
=337  \\$aunmediated$2rdamedia
=338  \\$avolume$2rdacarrier
=580  \\$aContinuation of "West Australian Nutgrowing Society. Yearbook", q.v.
=580  \\$aContinued as "West Australian Nut and Tree Crop Association. WANATCA yearbook", q.v.
=852  49$aBritish Library$bDSC$3See shelfmark 9406.700200 for 9, 1984- 20, 1996 *A=1
=852  71$aBritish Library$bSTI$k(P)$hDY 66$m-E(15)$2blsrissc$31982-1986; Vol.7, 1982 - vol.11, 1986.
=886  2\$2blmarc$a029$b00$aS279320000$as279320027
=CAT  \\$aCONV$b00$c20040425$lBLL90$h0853
=CAT  \\$aCONV$b00$c20040502$lBLL01$h1330
=CAT  \\$aBATCH$b00$c20091122$lBLL01$h1205
=FIN  \\$aY
=FMT  \\$a  SE
=LAS  \\$aBATCH$b00$c20091122$lBLL01$h1205
=LEO  \\$aMP25.0000117155
=SRC  \\$aSRI01$bbibmp25.200404.2.aa
=SSD  \\$a50300{dollar}aContinuation of "West Australian Nutgrowing Society. Yearbook", q.v; 50300{dollar}aContinued as "West Australian Nut and Tree Crop Association. WANATCA yearbook", q.v.
=TCO  \\$aAUS$bCAL$c008

