=LDR  05562cas a2201165 a 4500
=001  009559652
=003  Uk
=005  20221231191840.0
=007  ta
=008  771025d1971197ugw\mx\p\\\\\\\0\\\b0mul\\
=019  0\$as283020008
=019  c\$a2027448
=022  0\$a0003-9187
=040  \\$aUk$cUk$dUk
=041  0\$aeng$bger
=082  04$a616.5$221
=084  \\$aGU 82$2blsrissc
=210  0\$aArch. dermatol. Forsch.
=222  \0$aArchiv für dermatologische Forschung
=245  00$aArchiv für dermatologische Forschung.
=246  31$aArchives for dermatological research
=260  \\$aBerlin :$bSpringer
=300  \\$av. :$bill. ;$c25 cm.
=310  \\$a3 vols. per yr.; 3-4 issues per vol.
=336  \\$atext$2rdacontent
=337  \\$aunmediated$2rdamedia
=338  \\$avolume$2rdacarrier
=540  \\$aCurrent Copyright Fee: GBP25.00$c0$5Uk
=650  \0$aDermatology$vPeriodicals.
=780  00$tArchiv für klinische und experimentelle Dermatologie$x0300-8614
=785  00$tArchives of dermatological research$x0340-3696
=852  49$aBritish Library$bDSC$3See shelfmark 1634.130000
=852  71$aBritish Library$bSTI$k(P)$hGU 82$m-E(18)$2blsrissc$31971-1977; Vol.240-260.
=985  \\$aRecord merged by DQ team
=ACF  \\$aPrevious Copyright Fee: GBP22.00$c0$e01-apr-2010$fGBP22.00$g0$hC$5Uk
=ACF  \\$aPrevious Copyright Fee: GBP22.00$c0$e01-Jan-2010$fGBP22.00$g0$hC$5Uk
=ACF  \\$aPrevious Copyright Fee: GBP22.00$c0$e01-oct-2009$fGBP22.00$g0$hC$5Uk
=ACF  \\$aPrevious Copyright Fee: GBP22.00$c0$e01-jul-2009$fGBP22.00$g0$hC$5Uk
=ACF  \\$aPrevious Copyright Fee: GBP22.00$c0$e01-apr-2009$fGBP22.00$g0$hC$5Uk
=ACF  \\$aPrevious Copyright Fee: GBP16.75$c0$e01-jan-2009$fGBP16.75$g0$hC$5Uk
=ACF  \\$aPrevious Copyright Fee: GBP16.75$c0$e01-oct-2008$fGBP16.75$g0$hC$5Uk
=ACF  \\$aPrevious Copyright Fee: GBP16.75$c0$e01-jul-2008$fGBP16.75$g0$hC$5Uk
=ACF  \\$aPrevious Copyright Fee: GBP16.75$c0$e01-apr-2008$fGBP16.75$g0$hC$5Uk
=ACF  \\$aPrevious Copyright Fee: GBP16.75$c0$e01-jan-2008$fGBP16.75$g0$hC$5Uk
=ACF  \\$aPrevious Copyright Fee: GBP16.75$c0$e01-oct-2007$fGBP16.75$g0$hC$5Uk
=ACF  \\$aPrevious Copyright Fee: GBP16.75$c0$e01-jul-2007$fGBP16.75$g0$hC$5Uk
=ACF  \\$aPrevious Copyright Fee: GBP16.75$c0$e01-apr-2007$fGBP16.75$g0$hC$5Uk
=ACF  \\$aPrevious Copyright Fee: GBP16.50$c0$e01-jan-2007$fGBP16.50$g0$hC$5Uk
=ACF  \\$aPrevious Copyright Fee: GBP16.50$c0$e01-oct-2006$fGBP16.50$g0$hC$5Uk
=ACF  \\$aPrevious Copyright Fee: GBP16.50$c0$e01-jul-2006$fGBP16.50$g0$hC$5Uk
=ACF  \\$aPrevious Copyright Fee: GBP16.50$c0$e01-apr-2006$fGBP16.50$g0$hC$5Uk
=ACF  \\$aPrevious Copyright Fee: GBP16.50$c0$e01-jan-2006$fGBP16.50$g0$hC$5Uk
=ACF  \\$aPrevious Copyright Fee: GBP16.50$c0$e01-oct-2005$fGBP16.50$g0$hC$5Uk
=ACF  \\$aPrevious Copyright Fee: GBP16.50$c0$e01-jul-2005$fGBP16.50$g0$hC$5Uk
=ACF  \\$aPrevious Copyright Fee: GBP16.50$c0$e01-apr-2005$fGBP16.50$g0$hC$5Uk
=ACF  \\$aPrevious Copyright Fee: GBP16.50$c0$e01-jan-2005$fGBP16.50$g0$hC$5Uk
=ACF  \\$aPrevious Copyright Fee: GBP5.00$c0$e01-oct-2004$fGBP5.00$g0$hC$5Uk
=ACF  \\$aPrevious copyright fee: GBP10.50$c0$e01-jan-2011$fGBP10.50$g0$hA$5Uk
=ACF  \\$aPrevious copyright fee: GBP12.00$c0$e01-jan-2012$fGBP12.00$g0$hA$5Uk
=ACF  \\$aPrevious Copyright Fee: GBP12.30$c0$e01-jan-2014$fGBP12.30$g0$hA$5Uk
=ACF  \\$aPrevious Copyright Fee: GBP15.00$c0$e01-jan-2017$fGBP15.00$g0$hA$5Uk
=ACF  \\$aPrevious Copyright Fee: GBP17.50$c0$e01-jan-2018$fGBP17.50$g0$hA$5Uk
=ACF  \\$aPrevious Copyright Fee: GBP20.00$c0$e01-jan-2020$fGBP20.00$g0$hA$5Uk
=CAT  \\$aCONV$b00$c20040425$lBLL90$h0854
=CAT  \\$aBATCH-CLA$b00$c20100224$lBLL01$h1218
=CAT  \\$aBATCH-UPD$b00$c20100331$lBLL01$h2144
=CAT  \\$aBATCH-UPD$b00$c20100401$lBLL01$h0117
=CAT  \\$aBATCH$b00$c20100401$lBLL01$h0423
=CAT  \\$aBATCH$b00$c20100401$lBLL01$h1438
=CAT  \\$a8201$b40$c20100519$lBLL01$h1619
=CAT  \\$a8201$b40$c20100519$lBLL01$h1623
=CAT  \\$aBATCH-UPD$b40$c20101201$lBLL01$h1224
=CAT  \\$aIPL-CLA$c20101231$lBLL01$h1306
=CAT  \\$aWR11_203$c20111204$lBLL01$h1342
=CAT  \\$aIPL-CLA$c20111230$lBLL01$h1807
=CAT  \\$aBATCH-CLA$b00$c20121104$lBLL01$h1003
=CAT  \\$aBATCH-CLA$c20131217$lBLL01$h1825
=CAT  \\$aIPL-CLA$c20131231$lBLL01$h2019
=CAT  \\$aBATCH-CLA$b00$c20161222$lBLL01$h1720
=CAT  \\$aIPL-CLA$c20161230$lBLL01$h1908
=CAT  \\$aBATCH-CLA$b00$c20171222$lBLL01$h2021
=CAT  \\$aIPL-CLA$c20171231$lBLL01$h1442
=CAT  \\$aBATCH-CLA$b00$c20191219$lBLL01$h1645
=CAT  \\$aIPL-CLA$c20191231$lBLL01$h1802
=CAT  \\$aR2001-1524$c20200127$lBLL01$h1936
=CAT  \\$aBATCH-CLA$b00$c20201204$lBLL01$h1442
=CAT  \\$aIPL-CLA$c20201231$lBLL01$h2005
=CAT  \\$aBATCH-CLA$b00$c20221221$lBLL01$h1748
=CAT  \\$aIPL-CLA$c20221231$lBLL01$h1918
=CFI  0\$aCurrent Copyright Fee: GBP25.00$c0$e01-jan-2023$fGBP25.00$g0$hA$5Uk
=CFI  2\$aPrevious Copyright Fee: GBP22.50$c0$e01-jan-2021$fGBP22.50$g0$hA$5Uk
=FIN  \\$aY
=FMT  \\$a  SE
=LAS  \\$aIPL-CLA$b00$c20221231$lBLL01$h1918
=LEO  \\$aMP10.0000072879
=LEO  \\$aMP25.0000121076
=LKR  \\$aPAR$b010464481$lBLL01$r78000$mArchiv für dermatologische Forschung$nArchiv für klinische und experimentelle Dermatologie
=SRC  \\$aDSS01$bbibmp10.200404.2.aa
=SRC  \\$aSRI01$bbibmp25.200404.2.aa
=TCO  \\$aDEU$bVG WORT$c008

