=LDR  02971 as a2200757 a 4500
=001  009560919
=003  Uk
=005  20101119125752.0
=007  ta
=008  780411d19761979nyumr\p\\\\\\\0\\\a0eng\\
=019  0\$as284798002
=022  0\$a0145-403X
=040  \\$aUk$cUk$dUk
=082  \4$a616.1005
=084  \\$aGU 66$2blsrissc
=210  0\$aCardiovasc. med.
=222  \0$aCardiovascular medicine
=245  00$aCardiovascular medicine.
=260  \\$a[New York,$bGroup Medicine Publications]
=300  \\$a4 v. :$bill. ;$c28 cm.
=310  \\$aMonthly
=336  \\$atext$2rdacontent
=337  \\$aunmediated$2rdamedia
=338  \\$avolume$2rdacarrier
=362  0\$av. 1-4; Sept. 1976-Dec. 1979.
=500  \\$aPublisher varies.
=540  \\$aBritish Library not licensed to copy$c0$5Uk
=650  \0$aCardiovascular system$xDiseases$vPeriodicals.
=785  00$tJournal of cardiovascular medicine$x0199-6614
=852  49$aBritish Library$bDSC$3See 3051.468000
=852  71$aBritish Library$bSTI$k(P)$hGU 66$m-E(12)$2blsrissc$3Vol. 2, no. 12 (1977)-v. 4 (1979)
=ACF  \\$aBritish Library not licensed to copy$c0$e01-jan-2013$hC$iCFP Excluded$5Uk
=ACF  \\$aBritish Library not licensed to copy$c0$e01-apr-2013$hC$iCFP Excluded$5Uk
=ACF  \\$aBritish Library not licensed to copy$c0$e01-jul-2013$hC$iCFP Excluded$5Uk
=ACF  \\$aBritish Library not licensed to copy$c0$e01-oct-2013$hC$iCFP Excluded$5Uk
=ACF  \\$aBritish Library not licensed to copy$c0$e01-jan-2014$hC$iCFP Excluded$5Uk
=CAT  \\$aCONV$b00$c20040425$lBLL90$h0854
=CAT  \\$aCONV$b00$c20040502$lBLL01$h1330
=CAT  \\$aglobal_upd$b40$c20060417$lBLL01$h1717
=CAT  \\$aBATCH$b00$c20091209$lBLL01$h0443
=CAT  \\$aBATCH$b00$c20091214$lBLL01$h0526
=CAT  \\$a6537$b40$c20101119$lBLL01$h1257
=CAT  \\$aBATCH-CLA$b00$c20121130$lBLL01$h1236
=CAT  \\$aIPL-CLA$c20121231$lBLL01$h1252
=CAT  \\$aIPL-CLA$c20130102$lBLL01$h1656
=CAT  \\$aBATCH-CLA$b00$c20130228$lBLL01$h1711
=CAT  \\$aIPL-CLA$c20130331$lBLL01$h1046
=CAT  \\$a540_fix$c20130403$lBLL01$h2006
=CAT  \\$aBATCH-CLA$b00$c20130531$lBLL01$h1646
=CAT  \\$aIPL-CLA$c20130701$lBLL01$h0016
=CAT  \\$aBATCH-CLA$b00$c20130830$lBLL01$h1625
=CAT  \\$aIPL-CLA$c20130930$lBLL01$h1726
=CAT  \\$aBATCH-CLA$b00$c20131129$lBLL01$h1652
=CAT  \\$aIPL-CLA$c20131231$lBLL01$h2019
=CAT  \\$aBATCH-CLA$b00$c20140228$lBLL01$h1613
=CAT  \\$aIPL-CLA$c20140331$lBLL01$h1619
=CAT  \\$aBATCH-CLA$b00$c20140530$lBLL01$h1708
=CAT  \\$aIPL-CLA$c20140630$lBLL01$h1703
=CFI  0\$aBritish Library not licensed to copy$c0$e01-jul-2014$hC$iCFP Excluded$5Uk
=CFI  2\$aBritish Library not licensed to copy$c0$e01-apr-2014$hC$iCFP Excluded$5Uk
=FIN  \\$aY
=FMT  \\$a  SE
=LAS  \\$aIPL-CLA$b00$c20140630$lBLL01$h1703
=LEO  \\$aMP25.0000122944
=SRC  \\$aSRI01$bbibmp25.200404.2.aa
=TCO  \\$aTRS$bCCC$c008

