=LDR  03689cas a2200889 a 4500
=001  009565389
=003  Uk
=005  20221231191851.0
=007  ta
=008  941108c19949999enkar\\\\\\\\\0\\\a0eng\\
=019  0\$as604339003
=019  c\$a2501840
=040  \\$aUk$cUk$dUk
=082  04$a381.456910941$221
=084  \\$aWM 142$2blsrissc
=245  00$aBuilding products distribution. UK.
=260  \\$aChester :$bMarketing Strategies for Industry (UK),$c1994-
=300  \\$av. ;$c30 cm.
=336  \\$atext$2rdacontent
=337  \\$aunmediated$2rdamedia
=338  \\$avolume$2rdacarrier
=490  0\$aMSI data report
=540  \\$aCurrent Copyright Fee: GBP25.00$c0$5Uk
=690  7\$aManagement and Business Studies$2blcoll
=710  2\$aMarketing Strategies for Industry Ltd.
=852  71$aBritish Library$bSTI$k(XP)$hWM 142$m-E(11)$2blsrissc$31994; 1996-1997
=852  41$aBritish Library$bSTI$31994 - 1996
=945  \\$aBUILDING PRODUCTS DISTRIBUTION UK MSI DATA REPORT.
=979  \\$aBritish Library$bDSC$j2362.864000N
=985  \\$aRecord merged by DQ team
=ACF  \\$aPrevious copyright fee: GBP9.00$c0$e01-apr-2010$fGBP9.00$g0$hA$5Uk
=ACF  \\$aPrevious copyright fee: GBP6.00$c0$e01-apr-2008$fGBP6.00$g0$hA$5Uk
=ACF  \\$aPrevious copyright fee: GBP5.00$c0$e01-jul-2002$fGBP5.00$g0$hA$5Uk
=ACF  \\$aCurrent copyright fee: GBP4.40$c0$e01-jul-1998$fGBP4.40$g0$hA$5Uk
=ACF  \\$aCurrent copyright fee: GBP4.20$c0$e01-apr-1997$fGBP4.20$g0$hA$5Uk
=ACF  \\$aPrevious copyright fee: GBP10.50$c0$e01-jan-2011$fGBP10.50$g0$hA$5Uk
=ACF  \\$aPrevious copyright fee: GBP12.00$c0$e01-jan-2012$fGBP12.00$g0$hA$5Uk
=ACF  \\$aPrevious Copyright Fee: GBP12.30$c0$e01-jan-2014$fGBP12.30$g0$hA$5Uk
=ACF  \\$aPrevious Copyright Fee: GBP15.00$c0$e01-jan-2017$fGBP15.00$g0$hA$5Uk
=ACF  \\$aPrevious Copyright Fee: GBP17.50$c0$e01-jan-2018$fGBP17.50$g0$hA$5Uk
=ACF  \\$aPrevious Copyright Fee: GBP20.00$c0$e01-jan-2020$fGBP20.00$g0$hA$5Uk
=CAT  \\$aCONV$b00$c20040425$lBLL90$h0858
=CAT  \\$aCONV$b00$c20040502$lBLL01$h1330
=CAT  \\$a8964$b40$c20041202$lBLL01$h1551
=CAT  \\$a8964$b40$c20041202$lBLL01$h1554
=CAT  \\$aBATCH$b00$c20091122$lBLL01$h1206
=CAT  \\$a8874$b40$c20110426$lBLL01$h0842
=CAT  \\$aBATCH-MBS$c20110506$lBLL01$h2053
=CAT  \\$a8874$b40$c20110531$lBLL01$h1134
=CAT  \\$aWR11_203$c20111204$lBLL01$h1342
=CAT  \\$aIPL-CLA$c20111230$lBLL01$h1807
=CAT  \\$aBATCH-CLA$b00$c20121104$lBLL01$h1003
=CAT  \\$aWR13.005$c20130323$lBLL01$h1242
=CAT  \\$aBATCH-CLA$c20131217$lBLL01$h1825
=CAT  \\$aIPL-CLA$c20131231$lBLL01$h2020
=CAT  \\$aBATCH-CLA$b00$c20161222$lBLL01$h1720
=CAT  \\$aIPL-CLA$c20161230$lBLL01$h1909
=CAT  \\$aBATCH-CLA$b00$c20171222$lBLL01$h2021
=CAT  \\$aIPL-CLA$c20171231$lBLL01$h1442
=CAT  \\$aBATCH-CLA$b00$c20191219$lBLL01$h1645
=CAT  \\$aIPL-CLA$c20191231$lBLL01$h1802
=CAT  \\$aR2001-1524$c20200127$lBLL01$h1936
=CAT  \\$aBATCH-CLA$b00$c20201204$lBLL01$h1442
=CAT  \\$aIPL-CLA$c20201231$lBLL01$h2005
=CAT  \\$aBATCH-CLA$b00$c20221221$lBLL01$h1748
=CAT  \\$aIPL-CLA$c20221231$lBLL01$h1918
=CFI  0\$aCurrent Copyright Fee: GBP25.00$c0$e01-jan-2023$fGBP25.00$g0$hA$5Uk
=CFI  2\$aPrevious Copyright Fee: GBP22.50$c0$e01-jan-2021$fGBP22.50$g0$hA$5Uk
=FIN  \\$aY
=FMT  \\$a  SE
=LAS  \\$aIPL-CLA$b00$c20221231$lBLL01$h1918
=LEO  \\$aMP25.0000295382
=LEO  \\$aMP10.0000113707
=SRC  \\$aDSS01$bbibmp10.200404.2.aa
=SRC  \\$aSRI01$bbibmp25.200404.2.aa
=SRC  \\$aDSS03$bbibsr.200404.2.aa
=TCO  \\$aCLA$bCLA$c008

