=LDR  01665 as a2200505 a 4500
=001  009566532
=003  Uk
=005  20080609155907.0
=007  ta
=008  950411c19789999enka|\\\\\\\\\0\\\a0eng\\
=019  0\$as607110007
=019  c\$a2484245
=040  \\$aUk$cUk$dUk
=082  04$a621.366$220
=084  \\$aQJ 45$2blsrissc
=110  2\$aRutherford Appleton Laboratory.$bCentral Laser Facility
=245  10$aAnnual report to the Laser Facility Committee.
=246  3\$aAnnual report to the Laser Committee
=260  \\$aChilton :$bThe Facility.
=300  \\$av ;$c30 cm.
=336  \\$atext$2rdacontent
=337  \\$aunmediated$2rdamedia
=338  \\$avolume$2rdacarrier
=490  0\$aRutherford Appleton Laboratory report ;$vRAL ...
=650  \0$aLasers$xResearch.
=710  2\$aRutherford Appleton Laboratory.$bLaser Facility Committee.
=852  49$aBritish Library$bDSC$3See shelfmark 8053.415300
=852  71$aBritish Library$bSTI$k(P)$hQJ 45$m-E(2)$2blsrissc$31994 -
=985  \\$aRecord merged by DQ team
=CAT  \\$aCONV$b00$c20040425$lBLL90$h0858
=CAT  \\$aCONV$b00$c20040502$lBLL01$h1330
=CAT  \\$aBATCH-UPD$b00$c20070919$lBLL01$h2151
=CAT  \\$a8456$b40$c20080609$lBLL01$h1553
=CAT  \\$a8456$b40$c20080609$lBLL01$h1559
=CAT  \\$aBATCH$b00$c20091209$lBLL01$h0444
=CAT  \\$aBATCH$b00$c20091214$lBLL01$h0527
=FIN  \\$aY
=FMT  \\$a  SE
=LAS  \\$aBATCH$b00$c20091214$lBLL01$h0527
=LEO  \\$aMP10.0000065666
=LEO  \\$aMP25.0000298308
=SRC  \\$aDSS03$bbibsr.200404.2.aa
=SRC  \\$aDSS01$bbibmp10.200404.2.aa
=SRC  \\$aSRI01$bbibmp25.200404.2.aa
=TCO  \\$aCLA$bCLA$c008

