=LDR  01766cam a2200541uu 4500
=001  009566656
=003  Uk
=005  20230331162010.0
=008  950328|1994\\\\ne\\\\\||\\\\||||\||eng\\
=019  g\$aadv0100530184
=019  a\$aG02401764
=019  0\$as607381000
=020  \\$a9054102543
=040  \\$aUk$cUk
=041  1\$aeng$hjpn
=084  \\$aEE 90$2blsrissc
=100  1\$aAruga, Hisao.
=245  10$aPrinciples of sericulture /$cHisao Aruga.
=260  \\$aRotterdam :$bBalkema,$c1994.
=300  \\$axvi,376p. ;$c25cm.
=336  \\$atext$2rdacontent
=337  \\$aunmediated$2rdamedia
=338  \\$avolume$2rdacarrier
=500  \\$aTranslated from the Japanese.
=540  \\$aCurrent Copyright Fee: GBP34.00$c0$5Uk
=653  \\$asilkworms$amulberry cultivation$acocoons$asilkmoths
=852  41$aBritish Library$bDSC
=852  71$aBritish Library$bSTI$k(B)$hEE 90$2blsrissc
=957  \\$aP
=966  \\$uo$lACQUIS
=CAT  \\$aCONV$b00$c20040425$lBLL90$h0858
=CAT  \\$aCONV$b00$c20040502$lBLL01$h1330
=CAT  \\$aglobal_upd$b40$c20060417$lBLL01$h0821
=CAT  \\$aBATCH$b00$c20091209$lBLL01$h0444
=CAT  \\$aBATCH$b00$c20091214$lBLL01$h0527
=CAT  \\$aBATCH-CLAB$c20220330$lBLL01$h1704
=CAT  \\$aIPL-CLA$c20220331$lBLL01$h2147
=CAT  \\$aBATCH-CLAB$c20230324$lBLL01$h1357
=CAT  \\$aIPL-CLA$c20230331$lBLL01$h1620
=CFI  0\$aCurrent Copyright Fee: GBP34.00$c0$e01-apr-2023$fGBP34.00$g0$hC$5Uk
=CFI  2\$aPrevious Copyright Fee: GBP28.00$c0$e01-apr-2022$fGBP28.00$g0$hC$5Uk
=FIN  \\$aY
=FMT  \\$a  BK
=LAS  \\$aIPL-CLA$b00$c20230331$lBLL01$h1620
=LEO  \\$aMP8.0001110863
=LEO  \\$aMP25.0000298572
=SRC  \\$aDSC01$bbibmp8.200404.2.ab
=SRC  \\$aSRI01$bbibmp25.200404.2.aa

