=LDR  05076cas a2201129 a 4500
=001  009569143
=003  Uk
=005  20230210005004.0
=007  ta
=008  951128d19uu2003enkar\p\\\\\\\0\\\a0eng\\
=019  0\$as612283003
=019  c\$a2524001
=022  1\$a0962-5895$202
=040  \\$aUk$cUk$dUk
=042  \\$aissnuk$aukblsr
=082  04$a598.072344242$222
=084  \\$aGC 7254$2blsrissc
=110  2\$aHerefordshire Ornithological Club.
=222  \0$aAnnual report _ Herefordshire Ornithological Club
=245  10$aAnnual report /$cHerefordshire Ornithological Club.
=260  \\$a[Great Britain] :$bHerefordshire Ornithological Club
=300  \\$av. :$bill. ;$c21 cm.
=336  \\$atext$2rdacontent
=337  \\$aunmediated$2rdamedia
=338  \\$avolume$2rdacarrier
=362  1\$aCeased with 2003 issue.
=515  \\$aVols. for <1995-1998> also described as <vol. 5, no. 5-8>; vol. for 2001 also described as vol. 6, no. 1.
=540  \\$aCurrent Copyright Fee: GBP25.00$c0$5Uk
=595  \\$aSee also Card Index
=610  20$aHerefordshire Ornithological Club$vPeriodicals.
=785  00$tBirds of Herefordshire
=852  41$aBritish Library$bHMNTS$3Vol. 1, no. 1(1951)
=852  71$aBritish Library$bSTI$k(P)$hGC 7254$m-E(7)$2blsrissc$31992-2003
=945  \\$aANNUAL REPORT- HEREFORDSHIRE ORNITHOLOGICAL CLUB.
=957  \\$aCR
=979  \\$aBritish Library$bDSC$j1288.913000N
=ACF  \\$aPrevious Copyright Fee: GBP12.00$c0$e01-apr-2012$fGBP12.00$g0$hC$5Uk
=ACF  \\$aPrevious Copyright Fee: GBP12.00$c0$e01-jan-2012$fGBP12.00$g0$hC$5Uk
=ACF  \\$aPrevious Copyright Fee: GBP10.50$c0$e01-oct-2011$fGBP10.50$g0$hC$5Uk
=ACF  \\$aPrevious Copyright Fee: GBP10.50$c0$e01-jul-2011$fGBP10.50$g0$hC$5Uk
=ACF  \\$aPrevious Copyright Fee: GBP10.50$c0$e01-apr-2011$fGBP10.50$g0$hC$5Uk
=ACF  \\$aPrevious Copyright Fee: GBP10.50$c0$e01-jan-2011$fGBP10.50$g0$hC$5Uk
=ACF  \\$aPrevious Copyright Fee: GBP9.00$c0$e01-oct-2010$fGBP9.00$g0$hC$5Uk
=ACF  \\$aPrevious Copyright Fee: GBP9.00$c0$e01-jul-2010$fGBP9.00$g0$hC$5Uk
=ACF  \\$aPrevious Copyright Fee: GBP9.00$c0$e01-apr-2010$fGBP9.00$g0$hC$5Uk
=ACF  \\$aPrevious Copyright Fee: GBP9.00$c0$e01-Jan-2010$fGBP9.00$g0$hC$5Uk
=ACF  \\$aPrevious Copyright Fee: GBP6.00$c0$e01-oct-2009$fGBP6.00$g0$hC$5Uk
=ACF  \\$aPrevious copyright fee: GBP5.00$c0$e01-jul-2002$fGBP5.00$g0$hC$5Uk
=ACF  \\$aCurrent copyright fee: GBP4.40$c0$e01-jul-1998$fGBP4.40$g0$hA$5Uk
=ACF  \\$aCurrent copyright fee: GBP4.20$c0$e01-apr-1997$fGBP4.20$g0$hA$5Uk
=ACF  \\$aPrevious Copyright Fee: GBP12.00$c0$e01-jul-2012$fGBP12.00$g0$hC$5Uk
=ACF  \\$aPrevious Copyright Fee: GBP12.00$c0$e01-oct-2012$fGBP12.00$g0$hC$5Uk
=ACF  \\$aPrevious Copyright Fee: GBP12.30$c0$e01-jan-2014$fGBP12.30$g0$hC$5Uk
=ACF  \\$aPrevious Copyright Fee: GBP15.00$c0$e01-jan-2017$fGBP15.00$g0$hC$5Uk
=ACF  \\$aPrevious Copyright Fee: GBP17.50$c0$e01-jan-2018$fGBP17.50$g0$hC$5Uk
=ACF  \\$aPrevious Copyright Fee: GBP20.00$c0$e01-jan-2020$fGBP20.00$g0$hC$5Uk
=ACF  \\$aPrevious Copyright Fee: GBP22.50$c0$e01-jan-2021$fGBP22.50$g0$hC$5Uk
=CAT  \\$aCONV$b00$c20040425$lBLL90$h0858
=CAT  \\$aIPL-CLA$c20110630$lBLL01$h1520
=CAT  \\$aBATCH-CLA$b00$c20110831$lBLL01$h1757
=CAT  \\$aIPL-CLA$c20110930$lBLL01$h1520
=CAT  \\$aBATCH-CLA$b00$c20111130$lBLL01$h1201
=CAT  \\$aIPL-CLA$c20111230$lBLL01$h1807
=CAT  \\$aBATCH-CLA$b00$c20120229$lBLL01$h1612
=CAT  \\$aIPL-CLA$c20120330$lBLL01$h1407
=CAT  \\$aBATCH-CLA$b00$c20120531$lBLL01$h1713
=CAT  \\$aIPL-CLA$c20120629$lBLL01$h1004
=CAT  \\$aBATCH-CLA$b00$c20120831$lBLL01$h1531
=CAT  \\$aIPL-CLA$c20120930$lBLL01$h2026
=CAT  \\$aBATCH-CLA$b00$c20121104$lBLL01$h1003
=CAT  \\$aWR13.005$c20130323$lBLL01$h1243
=CAT  \\$aBATCH-CLA$b00$c20131129$lBLL01$h1642
=CAT  \\$aIPL-CLA$c20131231$lBLL01$h2020
=CAT  \\$aBATCH-CLA$b00$c20161130$lBLL01$h1636
=CAT  \\$aIPL-CLA$c20161230$lBLL01$h1909
=CAT  \\$aBATCH-CLA$b00$c20171130$lBLL01$h1651
=CAT  \\$aIPL-CLA$c20171231$lBLL01$h1442
=CAT  \\$aBATCH-CLA$b00$c20191129$lBLL01$h1626
=CAT  \\$aIPL-CLA$c20191231$lBLL01$h1802
=CAT  \\$aBATCH-CLA$b00$c20201126$lBLL01$h1412
=CAT  \\$aIPL-CLA$c20201231$lBLL01$h2005
=CAT  \\$aBATCH-CLA$b00$c20221130$lBLL01$h1442
=CAT  \\$aIPL-CLA$c20221231$lBLL01$h1918
=CAT  \\$aBATCH-CLA$b00$c20230209$lBLL01$h1529
=CAT  \\$aIPL-CLA$c20230210$lBLL01$h0050
=CFI  0\$aCurrent Copyright Fee: GBP25.00$c0$e09-feb-2023$fGBP25.00$g0$hC$5Uk
=CFI  2\$aBritish Library not licensed to copy$c0$e01-jan-2023$hC$iCFP Excluded$5Uk
=FIN  \\$aY
=FMT  \\$a  SE
=LAS  \\$aIPL-CLA$b00$c20230210$lBLL01$h0050
=LEO  \\$aMP10.0000059314
=LEO  \\$aMP22.0000034985
=LEO  \\$aMP25.0000303510
=SRC  \\$aDSS01$bbibmp10.200404.2.aa
=SRC  \\$aISN01$bbibmp22.200404.2.aa
=SRC  \\$aSRI01$bbibmp25.200404.2.aa
=TCO  \\$aCLA$bCLA$c008

