=LDR  02032 as a2200565 a 4500
=001  009569440
=003  Uk
=005  20100204091849.0
=007  ta
=008  951212d19912001enkgr\p\\\r\\\0\\\a0eng\\
=019  0\$as612867005
=019  c\$a2524679
=040  \\$aUk$cUk$dUk
=082  04$a338.47621381$221
=084  \\$aRK 151$2blsrissc
=245  00$aYearbook of world electronics data.$nVol. 4,$pEast Europe and world summary.
=260  \\$aOxford :$bElsevier Advanced Technology
=300  \\$av. ;$c30 cm.
=310  \\$aBiennial
=336  \\$atext$2rdacontent
=337  \\$aunmediated$2rdamedia
=338  \\$avolume$2rdacarrier
=500  \\$aPublisher varies.
=595  \\$aSee 9417.65325 for DSC stock.
=650  \0$aElectronic industries$zEurope, Eastern$vPeriodicals.
=650  \0$aElectronic industries$vPeriodicals.
=690  7\$aManagement and Business Studies$2blcoll
=852  71$aBritish Library$bSTI$cRES$k(XP)$hRK 151$m-E(8)$2blsrissc$3Ed.3, 1995-Ed.6, 2001
=852  49$aBritish Library$bDSC$3See shelfmark 9417.65325.
=945  \\$aYEARBOOK OF WORLD ELECTRONICS DATA VOL 4 EAST EUROPE AND WORLD SUMMARY.
=985  \\$aRecord merged by DQ team
=ACF  \\$aCurrent copyright fee: GBP4.20$c0$e01-apr-1997$fGBP4.20$g0$hA$5Uk
=CAT  \\$aCONV$b00$c20040425$lBLL90$h0858
=CAT  \\$aCONV$b00$c20040502$lBLL01$h1330
=CAT  \\$a6550$b40$c20080724$lBLL01$h1444
=CAT  \\$aBATCH$b00$c20090528$lBLL01$h1830
=CAT  \\$aBATCH$b00$c20091209$lBLL01$h0445
=CAT  \\$aBATCH$b00$c20091214$lBLL01$h0527
=CAT  \\$a8201$b40$c20100204$lBLL01$h0918
=CAT  \\$aBATCH-CLA$b00$c20121104$lBLL01$h1003
=CAT  \\$aWR13.005$c20130323$lBLL01$h1244
=CFI  2\$aCurrent copyright fee: GBP4.40$c0$e01-jul-1998$fGBP4.40$g0$hA$5Uk
=FIN  \\$aY
=FMT  \\$a  SE
=LAS  \\$aWR13.005$b00$c20130323$lBLL01$h1244
=LEO  \\$aMP10.0000622626
=LEO  \\$aMP25.0000304061
=SRC  \\$aDSS01$bbibmp10.200404.2.aa
=SRC  \\$aSRI01$bbibmp25.200404.2.aa
=TCO  \\$aCLA$bCLA$c008

