=LDR  01033 am a2200325ua 4500
=001  009571283
=003  Uk
=005  20091122120800.0
=008  960820|1996\\\\enk\\\\||\\\\||||\||eng\\
=019  0\$as617111006
=040  \\$aUk$cUk
=084  \\$aHR 850$2blsrissc
=110  2\$aEuropean Sensory Network.
=245  12$aA case study on coffee :$ba European sensory and consumer study /$ccollaboration by the European Sensory Network.
=260  \\$a[England.?] :$bEuropean Sensory Network,$cc1996.
=300  \\$a207p. :$bill. ;$c30cm.
=336  \\$atext$2rdacontent
=337  \\$aunmediated$2rdamedia
=338  \\$avolume$2rdacarrier
=852  41$aBritish Library$bDSC
=852  71$aBritish Library$bSTI$k(B)$hHR 850$2blsrissc
=957  \\$aCR
=CAT  \\$aCONV$b00$c20040425$lBLL90$h0858
=CAT  \\$aCONV$b00$c20040502$lBLL01$h1330
=CAT  \\$aBATCH$b00$c20091122$lBLL01$h1208
=FIN  \\$aY
=FMT  \\$a  BK
=LAS  \\$aBATCH$b00$c20091122$lBLL01$h1208
=LEO  \\$aMP25.0000308321
=SRC  \\$aSRI01$bbibmp25.200404.2.aa

