=LDR  01572 am a2200493uu 4500
=001  009572197
=003  Uk
=005  20091214052700.0
=008  961217|1995\\\\enk\\\\||\\\\||||\||eng\\
=019  g\$aadv0101271840
=019  a\$aG05006098
=019  0\$as618938001
=020  \\$a0853580448
=040  \\$aUk$cUk
=084  \\$aHH 17(H)$2blsrissc
=084  \\$aHA 64$2blsrissc
=245  00$aSport, exercise and medicine /$cedited by Jim McCracken and Idris Williams.
=260  \\$a[Nottingham] :$bUniversity of Nottingham, Queen's Medical Centre,$c1995.
=300  \\$a2 v. :$bill. ;$c25cm.
=336  \\$atext$2rdacontent
=337  \\$aunmediated$2rdamedia
=338  \\$avolume$2rdacarrier
=500  \\$aAccompanied by diskette in back pocket of vol. 1.
=500  \\$aIn slip case.
=700  1\$aWilliams, Idris.
=700  1\$aMcCracken, Jim.
=710  2\$aQueen's Medical Centre (Nottingham, England)
=710  2\$aUniversity of Nottingham.
=852  41$aBritish Library$bDSC
=852  71$aBritish Library$bSTI$k(B)$hHH 17$m(H)$2blsrissc
=957  \\$aCR
=966  \\$uo$lACQUIS 21/05/96
=CAT  \\$aCONV$b00$c20040425$lBLL90$h0858
=CAT  \\$aCONV$b00$c20040502$lBLL01$h1330
=CAT  \\$aglobal_upd$b40$c20060417$lBLL01$h0822
=CAT  \\$aBATCH$b00$c20091209$lBLL01$h0445
=CAT  \\$aBATCH$b00$c20091214$lBLL01$h0527
=FIN  \\$aY
=FMT  \\$a  BK
=LAS  \\$aBATCH$b00$c20091214$lBLL01$h0527
=LEO  \\$aMP8.0001243997
=LEO  \\$aMP25.0000310082
=SRC  \\$aDSC01$bbibmp8.200404.2.ab
=SRC  \\$aSRI01$bbibmp25.200404.2.aa

