=LDR  01787cam a22005415a 4500
=001  009727007
=003  Uk
=005  20220331214905.0
=008  971205s1997\\\\ge\\\\\||\\\\\000\||eng\\
=015  \\$aGB9778043$2bnb
=019  y\$ab9778043
=019  9\$a3055017013
=019  0\$as633650005
=020  \\$a3055017013
=035  \\$a(UkOxU)O12924701
=040  \\$aUkOxU$dUk
=084  \\$aSG 64$2blsrissc
=100  1\$aElizarov, A. M.
=245  10$aMathematical methods of airfoil design :$binverse boundary-value problems of aerohydrodynamics /$cA.M. Elizarov, N.B. Il'inskiy, A.V. Potashev.
=260  \\$aBerlin :$bAkademie Verlag,$cc1997.
=300  \\$a292 p. :$bill. ;$c25 cm.
=336  \\$atext$2rdacontent
=337  \\$aunmediated$2rdamedia
=338  \\$avolume$2rdacarrier
=504  \\$aBibliography: p. [285]-292.
=540  \\$aCurrent Copyright Fee: GBP32.00$c0$5Uk
=650  \0$aAerofoils$xDesign and construction$xMathematical models.
=650  \0$aHydrodynamics.
=700  1\$aIl'inskiy, N. B.
=700  1\$aPotashev, A. V.
=852  41$aBritish Library$bDSC
=852  71$aBritish Library$bSTI$k(B)$hSG 64$2blsrissc
=957  \\$a971114c
=CAT  \\$aCONV$b00$c20040425$lBLL90$h0543
=CAT  \\$aCONV$b00$c20040502$lBLL01$h1337
=CAT  \\$aBATCH$b00$c20091122$lBLL01$h1218
=CAT  \\$aBATCH-CLAB$c20220330$lBLL01$h1624
=CAT  \\$aIPL-CLA$c20220331$lBLL01$h2149
=CFI  0\$aCurrent Copyright Fee: GBP32.00$c0$e01-apr-2022$fGBP32.00$g0$hC$5Uk
=FIN  \\$aY
=FMT  \\$a  BK
=LAS  \\$aIPL-CLA$b00$c20220331$lBLL01$h2149
=LEO  \\$aMP5.0000473425
=LEO  \\$aMP5.0001892353
=LEO  \\$aMP25.0000318179
=SRC  \\$aBNB03$bbibmp5.200404.2.aa
=SRC  \\$aBNB03$bbibmp5.200404.2.ad
=SRC  \\$aSRI01$bbibmp25.200404.2.aa

