=LDR  02690cam a2200661 a 4500
=001  009727140
=003  Uk
=005  20220331214905.0
=008  010710s2001\\\\enka\\\||\\\\\000\||eng\\
=015  \\$aGBA1W7602$2bnb
=019  y\$abA1W7602
=019  9\$a3527277285
=019  0\$as680844007
=020  \\$a3527277285 (pbk.) :$c£65.00
=039  0\$a2713
=040  \\$aStDuBDS$dUk
=082  04$a620.1633$221
=084  \\$aSE 30$2blsrissc
=245  00$aPlasticity of metals :$bexperiments, models, computation /$cfinal report of the Collaborative Research Centre 319, "Stoffgesetze für das inelastische Verhalten metallischer Werkstoffe - Entwicklung und technische Anwendung" 1985-1996 ; edited by Elmar Steck ... [et al.].
=260  \\$aBonn ;$aGreat Britain :$bWiley-VCH,$cc2001.
=300  \\$axxx, 398 p. :$bill. ;$c24 cm.
=336  \\$atext$2rdacontent
=337  \\$aunmediated$2rdamedia
=338  \\$avolume$2rdacarrier
=540  \\$aCurrent Copyright Fee: GBP32.00$c0$5Uk
=597  \\$aEnhanced$bSRIS DDC
=650  \0$aMetals$xPlastic properties.
=700  1\$aSteck, Elmar.
=710  2\$aDeutsche Forschungsgemeinschaft.
=710  2\$aCollaborative Research Centre 319, "Stoffgesetze für das inelastische Verhalten metallischer Werkstoffe - Entwicklung und technische Anwendung".
=852  41$aBritish Library$bDSC
=852  71$aBritish Library$bSTI$k(B)$hSE 30$2blsrissc
=886  2\$2ukmarc$a910$b20$aGerman Research Society$xSee$aDeutsche Forschungsgemeinschaft$z710
=886  2\$2ukmarc$a910$b20$aDFG$xSee$aDeutsche Forschungsgemeinschaft$z710
=886  2\$2ukmarc$a910$b20$aFundación Alemana para la Investigación Científica$xSee$aDeutsche Forschungsgemeinschaft$z710
=886  2\$2ukmarc$a910$b20$aNotgemeinschaft der Deutschen Wissenschaft$xSee also$aDeutsche Forschungsgemeinschaft$z710
=916  \\$a700=NOTNAL
=957  \\$r2/10/02$tM/32661-15
=957  \\$a020930c
=AQN  \\$adup rec 3/10/02
=CAT  \\$aCONV$b00$c20040425$lBLL90$h0543
=CAT  \\$aCONV$b00$c20040502$lBLL01$h1337
=CAT  \\$a5375$b40$c20050518$lBLL01$h1811
=CAT  \\$aBATCH$b00$c20091122$lBLL01$h1218
=CAT  \\$aBATCH-CLAB$c20220330$lBLL01$h1648
=CAT  \\$aIPL-CLA$c20220331$lBLL01$h2149
=CFI  0\$aCurrent Copyright Fee: GBP32.00$c0$e01-apr-2022$fGBP32.00$g0$hC$5Uk
=FIN  \\$aY
=FMT  \\$a  BK
=LAS  \\$aIPL-CLA$b00$c20220331$lBLL01$h2149
=LDO  \\$aCIP$bpbk
=LEO  \\$aMP5.0000473586
=LEO  \\$aMP5.0001892453
=LEO  \\$aMP25.0000359041
=SRC  \\$aLDS01$bbiblm.200404.2.aa
=SRC  \\$aBNB03$bbibmp5.200404.2.aa
=SRC  \\$aBNB03$bbibmp5.200404.2.ad
=SRC  \\$aSRI01$bbibmp25.200404.2.aa

