=LDR  01528 am a2200481 a 4500
=001  009727934
=003  Uk
=005  20190306152100.0
=008  030916s2003\\\\enka\\\||\\\\\001\||eng\\
=015  \\$aGBA367113$2bnb
=019  y\$abA367113
=019  9\$a3540034366
=019  0\$as68915500x
=020  \\$a3540034366 :$cNo price
=039  0\$a2760
=040  \\$aDLC$cDLC$dUk
=082  04$a629.892$221
=100  1\$aBräunl, Thomas.
=245  10$aEmbedded robotics :$bmobile robot design and applications with embedded systems /$cThomas Bräunl.
=260  \\$aBerlin ;$aLondon :$bSpringer,$cc2003.
=300  \\$axiii, 434 p. :$bill. (some col.) ;$c25 cm.
=336  \\$atext$2rdacontent
=337  \\$aunmediated$2rdamedia
=338  \\$avolume$2rdacarrier
=504  \\$aIncludes bibliographical references and index.
=597  \\$aEnhanced$bSRIS DDC
=650  \0$aMobile robots.
=650  \0$aRobots$xControl systems.
=650  \0$aEmbedded computer systems$xDesign and construction.
=852  41$aBritish Library$bDSC
=852  11$aBritish Library$bSTI$k(B)$h629.892
=957  \\$a030901p
=CAT  \\$aCONV$b00$c20040425$lBLL90$h0543
=CAT  \\$aCONV$b00$c20040502$lBLL01$h1337
=CAT  \\$aBATCH$b00$c20091122$lBLL01$h1218
=CAT  \\$aBATCH-UPD$b00$c20190306$lBLL01$h1521
=FIN  \\$aY
=FMT  \\$a  BK
=LAS  \\$aBATCH-UPD$b00$c20190306$lBLL01$h1521
=LEO  \\$aMP5.0000474445
=LEO  \\$aMP25.0000366624
=SRC  \\$aBNB03$bbibmp5.200404.2.aa
=SRC  \\$aSRI01$bbibmp25.200404.2.aa

