=LDR  01418 am a2200481 a 4500
=001  009727940
=003  Uk
=005  20091122121800.0
=008  040226s2003\\\\enka\\\||\\\\\001\||eng\\
=015  \\$aGBA415784$2bnb
=019  y\$abA415784
=019  9\$a3540050418
=019  0\$as694753009
=020  \\$a3540050418 :$cNo price
=039  0\$a2782
=040  \\$aUk$cUk
=082  04$a572.645$222
=245  00$aCell-free protein expression /$cJames R. Swartz (ed.).
=260  \\$aBerlin ;$aLondon :$bSpringer,$cc2003.
=300  \\$ax, 223 p. :$bill. (some col.) ;$c25 cm.
=336  \\$atext$2rdacontent
=337  \\$aunmediated$2rdamedia
=338  \\$avolume$2rdacarrier
=504  \\$aIncludes bibliographical references and index.
=597  \\$aEnhanced$bSRIS DDC
=650  \0$aProteins$xSynthesis.
=650  \0$aGenetic translation.
=700  1\$aSwartz, James R.
=852  11$aBritish Library$bSTI$k(B)$h572.645
=852  41$aBritish Library$bSTI
=957  \\$a040201p
=957  \\$r02/02/2004
=CAT  \\$aCONV$b00$c20040425$lBLL90$h0543
=CAT  \\$aCONV$b00$c20040502$lBLL01$h1337
=CAT  \\$aBATCH$b00$c20091122$lBLL01$h1218
=FIN  \\$aY
=FMT  \\$a  BK
=LAS  \\$aBATCH$b00$c20091122$lBLL01$h1218
=LEO  \\$aMP5.0000474451
=LEO  \\$aMP25.0000371363
=SRC  \\$aBNB03$bbibmp5.200404.2.aa
=SRC  \\$aSRI01$bbibmp25.200404.2.aa
=SRC  \\$aMOP02$bbibm2.200404.2.aa

