=LDR  02398 am a2200685 a 4500
=001  009728031
=003  Uk
=005  20170914210800.0
=008  040216s2004\\\\enka\\\||\\\\\000\||eng\\
=010  \\$a2003044269
=015  \\$aGBA3T6820$2bnb
=019  y\$abA3T6820
=019  9\$a3540201807
=019  0\$as694436003
=020  \\$a3540201807 :$c£77.00
=039  0\$a2780
=040  \\$aStDuBDS$dUk
=082  04$a004.678$222
=245  00$aFuzzy logic and the Internet /$cVincenzo Loia, Masoud Nikravesh, Lotfi A. Zadeh (eds.).
=260  \\$aBerlin ;$aLondon :$bSpringer,$cc2004.
=300  \\$axii, 325 p. :$bill. ;$c25 cm.
=336  \\$atext$2rdacontent
=337  \\$aunmediated$2rdamedia
=338  \\$avolume$2rdacarrier
=490  1\$aStudies in fuzziness and soft computing,$x1434-9922 ;$vv. 137
=504  \\$aIncludes bibliographical references.
=597  \\$aEnhanced$bSRIS DDC
=650  \0$aFuzzy logic.
=650  \0$aInternet research.
=650  \0$aInternet searching.
=700  1\$aLoia, Vincenzo,$d1961-
=700  1\$aNikravesh, Masoud,$d1959-
=700  1\$aZadeh, Lotfi A.$q(Lotfi Asker).
=830  \0$aStudies in fuzziness and soft computing,$x1434-9922 ;$vv. 137
=852  11$aBritish Library$bSTI$k(B)$h004.678$2blsrissc
=852  41$aBritish Library$bSTI
=886  2\$2ukmarc$a900$b10$aLoia$hV.$kVincenzo$c1961-$xSee$aLoia, Vincenzo,$x1961-$z700
=886  2\$2ukmarc$a900$b10$aNikravesh$hM.$kMasoud$c1959-$xSee$aNikravesh, Masoud,$x1959-$z700/1
=957  \\$a040201p
=957  \\$r02/02/2004
=CAT  \\$aCONV$b00$c20040425$lBLL90$h0543
=CAT  \\$a11009$b40$c20040705$lBLL01$h1201
=CAT  \\$a11009$b40$c20040705$lBLL01$h1234
=CAT  \\$a11009$b40$c20040705$lBLL01$h1328
=CAT  \\$a11009$b40$c20040705$lBLL01$h1329
=CAT  \\$a11009$b40$c20040705$lBLL01$h1330
=CAT  \\$a11009$b40$c20040705$lBLL01$h1331
=CAT  \\$aBATCH$b00$c20091122$lBLL01$h1218
=CAT  \\$aBATCH$b00$c20091217$lBLL01$h0111
=CAT  \\$a10743$b40$c20130206$lBLL01$h1023
=CAT  \\$aBATCH-UPD$b40$c20130206$lBLL01$h1023
=CAT  \\$aBATCH-UPD$b40$c20170914$lBLL01$h2108
=FIN  \\$aY
=FMT  \\$a  BK
=LAS  \\$aBATCH-UPD$b40$c20170914$lBLL01$h2108
=LEO  \\$aMP5.0000474551
=LEO  \\$aMP25.0000371068
=SRC  \\$aBNB03$bbibmp5.200404.2.aa
=SRC  \\$aSRI01$bbibmp25.200404.2.aa
=SRC  \\$aMOP02$bbibm2.200404.2.aa

