=LDR  01844 am a2200565 a 4500
=001  009728053
=003  Uk
=005  20130819210200.0
=008  040216s2004\\\\gw\a\\\||\\\\\001\||eng\\
=015  \\$aGBA415017$2bnb
=019  y\$abA415017
=019  9\$a3540202374
=019  0\$as694381004
=020  \\$a3540202374 :$cNo price
=039  0\$a2780
=040  \\$aDLC$cDLC$dUk
=082  04$a006.3$222
=245  00$aEnhancing the power of the Internet /$cMasoud Nikravesh ... [et al.] (eds.).
=260  \\$aBerlin ;$aLondon :$bSpringer-Verlag,$c2004.
=300  \\$aviii, 406 p. :$bill. ;$c25 cm.
=336  \\$atext$2rdacontent
=337  \\$aunmediated$2rdamedia
=338  \\$avolume$2rdacarrier
=490  1\$aStudies in fuzziness and soft computing ;$vv. 139
=504  \\$aIncludes bibliographical references and index.
=597  \\$aEnhanced$bSRIS DDC
=650  \0$aSoft computing.
=650  \0$aFuzzy logic.
=650  \0$aInternet research.
=650  \0$aInternet searching.
=700  1\$aNikravesh, Masoud,$d1959-
=830  \0$aStudies in fuzziness and soft computing ;$vv. 139.
=852  11$aBritish Library$bSTI$k(B)$h006.3
=852  41$aBritish Library$bSTI
=886  2\$2ukmarc$a900$b10$aNikravesh$hM.$kMasoud$c1959-$xSee$aNikravesh, Masoud,$x1959-$z700
=957  \\$a040201p
=957  \\$r03/02/2004
=CAT  \\$aCONV$b00$c20040425$lBLL90$h0543
=CAT  \\$aCONV$b00$c20040502$lBLL01$h1337
=CAT  \\$aBATCH$b00$c20091122$lBLL01$h1218
=CAT  \\$aBATCH$b00$c20091217$lBLL01$h0111
=CAT  \\$aBATCH-UPD$b00$c20130819$lBLL01$h2102
=FIN  \\$aY
=FMT  \\$a  BK
=LAS  \\$aBATCH-UPD$b00$c20130819$lBLL01$h2102
=LEO  \\$aMP5.0000474573
=LEO  \\$aMP25.0000371016
=SRC  \\$aBNB03$bbibmp5.200404.2.aa
=SRC  \\$aSRI01$bbibmp25.200404.2.aa
=SRC  \\$aMOP02$bbibm2.200404.2.aa

