=LDR  02409cam a2200673 a 4500
=001  009728237
=003  Uk
=005  20230630171133.0
=008  040202s2003\\\\enka\\\||\\\\\000\||eng\\
=015  \\$aGBA410494$2bnb
=019  y\$abA410494
=019  9\$a3540401296
=019  a\$aG07842073
=019  0\$as693639008
=020  \\$a3540401296 :$cNo price
=039  0\$a2778
=040  \\$aDLC$cDLC$dUk
=082  04$a519.55$222
=245  00$aProcesses with long-range correlations :$btheory and applications /$cG. Rangarajan, M. Ding, eds.
=260  \\$aBerlin ;$aLondon :$bSpringer,$cc2003.
=300  \\$axviii, 392 p. :$bill. ;$c24 cm.
=336  \\$atext$2rdacontent
=337  \\$aunmediated$2rdamedia
=338  \\$avolume$2rdacarrier
=490  1\$aLecture notes in physics,$x0075-8450 ;$v621
=504  \\$aIncludes bibliographical references.
=540  \\$aBritish Library not licensed to copy$c0$5Uk
=597  \\$aEnhanced$bSRIS DDC
=650  \0$aTime-series analysis.
=650  \0$aCorrelation (Statistics)
=650  \0$aDiffusion.
=650  \0$aStatistical physics.
=700  1\$aRangarajan, G.$q(Govindan),$d1963-
=700  1\$aDing, Mingzhou.
=830  \0$aLecture notes in physics,$x0075-8450 ;$v621
=852  41$aBritish Library$bDSC$3now held at SRIS
=852  71$aBritish Library$bSTI$k(P)$hPQ 00$m-E(127)$2blsrissc
=886  2\$2ukmarc$a900$b10$aRangarajan$hGovindan$c1963-$xSee$aRangarajan, G. (Govindan),$x1963-$z700
=886  2\$2ukmarc$a900$b10$aTing$hMing-chou$xSee$aDing, Mingzhou$z700/1
=886  2\$2ukmarc$a900$b10$aDing$hM.$kMingzhou$xSee$aDing, Mingzhou$z700/1
=916  \\$a700=NOTNAL$a700/1=NOTNAL
=957  \\$a040101p
=CAT  \\$aCONV$b00$c20040425$lBLL90$h0543
=CAT  \\$aCONV$b00$c20040502$lBLL01$h1337
=CAT  \\$aglobal_upd$b40$c20060417$lBLL01$h0857
=CAT  \\$aBATCH$b00$c20091122$lBLL01$h1218
=CAT  \\$aBATCH$b00$c20091217$lBLL01$h0111
=CAT  \\$aBATCH-CLAB$c20230601$lBLL01$h1244
=CAT  \\$aIPL-CLA$c20230630$lBLL01$h1711
=CFI  0\$aBritish Library not licensed to copy$c0$e01-jul-2023$hC$iCFP Excluded$5Uk
=FIN  \\$aY
=FMT  \\$a  BK
=LAS  \\$aIPL-CLA$b00$c20230630$lBLL01$h1711
=LEO  \\$aMP5.0000474762
=LEO  \\$aMP8.0001863382
=LEO  \\$aMP25.0000370337
=SRC  \\$aBNB03$bbibmp5.200404.2.aa
=SRC  \\$aDSC01$bbibmp8.200404.2.ac
=SRC  \\$aSRI01$bbibmp25.200404.2.aa

