=LDR  01888cam a22005898a 4500
=001  009728565
=003  Uk
=005  20220630170106.0
=008  020510s2002\\\\gw\\\\\||\\\\\000\||eng\\
=015  \\$aGBA2X1779$2bnb
=019  y\$abA2X1779
=019  9\$a3540416463
=019  g\$aadv5005355537
=019  a\$aG07606969
=020  \\$a3540416463 :$c£114.00
=039  0\$a2420
=040  \\$aStDuBDS$dUk
=082  04$a624.151363$221
=100  1\$aOrtigao, Jose A.
=245  10$aHandbook of slope stabilisation engineering /$cJose A. Ortigao, Alberto Sayao.
=260  \\$aBerlin ;$aLondon :$bSpringer,$c2002.
=263  \\$a200206
=300  \\$a800 p. :$bill.
=336  \\$atext$2rdacontent
=337  \\$aunmediated$2rdamedia
=338  \\$avolume$2rdacarrier
=540  \\$aBritish Library not licensed to copy$c0$5Uk
=650  \0$aSlopes (Soil mechanics)
=650  \0$aSoil stabilization.
=700  1\$aSayao, Alberto.
=852  41$aBritish Library$bDSC
=852  11$aBritish Library$bSTI$k(B)$h624.151363
=916  \\$a100=NOTNAL$a700=NOTNAL
=966  \\$uo$lACQUIS 25/02/2004
=CAT  \\$aCONV$b00$c20040425$lBLL90$h0543
=CAT  \\$aCONV$b00$c20040502$lBLL01$h1337
=CAT  \\$aglobal_upd$b40$c20060417$lBLL01$h0857
=CAT  \\$aBATCH$b00$c20091122$lBLL01$h1218
=CAT  \\$aBATCH$b00$c20091209$lBLL01$h2245
=CAT  \\$aBATCH$b00$c20091214$lBLL01$h0533
=CAT  \\$aBATCH$b00$c20091216$lBLL01$h0129
=CAT  \\$aBATCH-CLAB$c20220627$lBLL01$h2112
=CAT  \\$aIPL-CLA$c20220630$lBLL01$h1701
=CFI  0\$aBritish Library not licensed to copy$c0$e01-jul-2022$hC$iCFP Excluded$5Uk
=FIN  \\$aY
=FMT  \\$a  BK
=LAS  \\$aIPL-CLA$b00$c20220630$lBLL01$h1701
=LEO  \\$aMP5.0000475111
=LEO  \\$aMP8.0001794767
=SRC  \\$aBNB03$bbibmp5.200404.2.aa
=SRC  \\$aDSC01$bbibmp8.200404.2.ac
=SRC  \\$aMOP01$bbibm1.200404.2.aa

