=LDR  01587 am a22005298a 4500
=001  009729598
=003  Uk
=005  20091216012900.0
=008  031120s2003\\\\sz\\\\\||\\\\\001\||eng\\
=015  \\$aGBA3T3510$2bnb
=019  y\$abA3T3510
=019  9\$a3764364351
=019  g\$aadv5005171460
=019  a\$aG07977223
=020  \\$a3764364351 :$c£114.00
=039  0\$a2420
=040  \\$aStDuBDS$dUk
=082  04$a615.71$221
=100  1\$aGodfraind, T.$q(Théophile)
=245  10$aCalcium channel blockers /$cT. Godfraind.
=260  \\$aBasel :$bBirkhäuser ;$aLondon :$bSpringer,$c2003.
=263  \\$a200312
=300  \\$a262 p.
=336  \\$atext$2rdacontent
=337  \\$aunmediated$2rdamedia
=338  \\$avolume$2rdacarrier
=490  0\$aMilestones in drug therapy
=500  \\$aIncludes index.
=650  \0$aCalcium$xAntagonists.
=852  11$aBritish Library$bSTI$k(B)$h615.71
=852  41$aBritish Library$bDSC
=966  \\$uo$lACQUIS 18/12/2003
=CAT  \\$aCONV$b00$c20040425$lBLL90$h0543
=CAT  \\$aCONV$b00$c20040502$lBLL01$h1337
=CAT  \\$aglobal_upd$b40$c20060417$lBLL01$h0858
=CAT  \\$aBATCH$b00$c20090110$lBLL01$h1712
=CAT  \\$aBATCH$b00$c20091122$lBLL01$h1219
=CAT  \\$aBATCH$b00$c20091209$lBLL01$h2245
=CAT  \\$aBATCH$b00$c20091214$lBLL01$h0533
=CAT  \\$aBATCH$b00$c20091216$lBLL01$h0129
=FIN  \\$aY
=FMT  \\$a  BK
=LAS  \\$aBATCH$b00$c20091216$lBLL01$h0129
=LEO  \\$aMP5.0000476441
=LEO  \\$aMP8.0001901312
=SRC  \\$aBNB03$bbibmp5.200404.2.aa
=SRC  \\$aDSC01$bbibmp8.200404.2.ac

