=LDR  01924 am a2200625 a 4500
=001  009744004
=003  Uk
=005  20091122122400.0
=008  920513s1992\\\\enkk\\\\|\\\\\001\|\eng\\
=010  \\$a91042004
=015  \\$aGB9222317$2bnb
=019  y\$ab9222317
=019  9\$a0803943164
=019  g\$aadv0100561039
=019  a\$aG01814462
=019  0\$as581404009
=020  \\$a0803943164 (cased) :$cNo price
=020  \\$a0803943172 (pbk) :$c£9.95
=039  0\$a2177
=040  \\$aUk$cUk
=082  04$a808.06661$220
=084  \\$aGP 562$2blsrissc
=100  1\$aPagano, Michael P.
=245  10$aCommunicating effectively in medical records :$ba guide for physicians /$cMichael P. Pagano in consultation with M. Alex Jacocks.
=260  \\$aNewbury Park, Calif. ;$aLondon :$bSAGE,$cc1992.
=300  \\$axi,122p. :$bforms ;$c22cm.
=336  \\$atext$2rdacontent
=337  \\$aunmediated$2rdamedia
=338  \\$avolume$2rdacarrier
=500  \\$aBibliography: p117-118. -Includes index.
=597  \\$aDLC$b91042004
=650  \0$aCommunication in medicine.
=650  \0$aMedical records.
=650  \2$aCommunication.
=650  \2$aMedical History Taking$xmethods.
=650  \2$aMedical Records.
=650  \2$aWriting.
=653  1\$aMedical records
=700  1\$aJacocks, M. Alex.
=852  41$aBritish Library$bDSC
=852  71$aBritish Library$bSTI$k(B)$hGP 562$2blsrissc
=966  \\$uo$lACQUIS
=CAT  \\$aCONV$b00$c20040425$lBLL90$h0608
=CAT  \\$aCONV$b00$c20040502$lBLL01$h1338
=CAT  \\$aglobal_upd$b40$c20060417$lBLL01$h0859
=CAT  \\$aBATCH$b00$c20091122$lBLL01$h1224
=FIN  \\$aY
=FMT  \\$a  BK
=LAS  \\$aBATCH$b00$c20091122$lBLL01$h1224
=LEO  \\$aMP5.0001211117
=LEO  \\$aMP8.0000869377
=LEO  \\$aMP25.0000272277
=SRC  \\$aBNB03$bbibmp5.200404.2.ac
=SRC  \\$aDSC01$bbibmp8.200404.2.ab
=SRC  \\$aSRI01$bbibmp25.200404.2.aa

