=LDR  04984cas a2201153 a 4500
=001  007176325
=003  Uk
=005  20221231182228.0
=007  ta
=008  851024d19841989oncar\\\\\\\\f0\\\a0eng\d
=019  c\$a2592256
=019  0\$as056842058
=022  0\$a0842-6066
=040  \\$aUk$cUk$dUk
=041  0\$aeng$afre
=082  00$a354.7100855$219
=084  \\$aBX 58$2blsrissc
=110  2\$aNational Research Council Canada.
=210  0\$aNRC annu. rep.
=222  \0$aNRC annual report
=245  10$aNRC annual report.
=246  3\$aNational Research Council Canada annual report
=246  15$aRapport annuel du CNRC$f1983/84-1986/87
=246  15$aCNRC rapport annuel$f1987/88-1988/89
=260  \\$aOttawa :$bNational Research Council Canada,$c1984-1989.
=300  \\$a6 v. :$bill. ;$c29 cm.
=310  \\$aAnnual
=336  \\$atext$2rdacontent
=337  \\$aunmediated$2rdamedia
=338  \\$avolume$2rdacarrier
=362  0\$a1983/1984-1988/1989.
=540  \\$aCurrent Copyright Fee: GBP25.00$c0$5Uk
=546  \\$aIn English and French.
=546  \\$aText in English and French with French text on inverted pages.
=610  20$aNational Research Council Canada$vPeriodicals.
=650  \0$aResearch$zCanada$vPeriodicals.
=650  \0$aResearch, Industrial$zCanada$vPeriodicals.
=690  7\$aManagement and Business Studies$2blcoll
=780  00$aNational Research Council Canada.$tAnnual report$x0823-5759
=785  00$aNational Research Council Canada.$tAnnual report (1990)$x1196-1872
=852  49$aBritish Library$bDSC$3See shelfmark 7570.100000 for 1918- [1992] *A=1
=852  71$aBritish Library$bSTI$k(P)$hBX 58$m-E(3)$2blsrissc$31984-1992; 1983/84 - 1992. ; Deficient: 1987/88; 1988/89; 1989/90; 1990/91
=945  \\$aNRC ANNUAL REPORT.
=968  \\$bX
=979  \\$aBritish Library$bDSC$j6180.532450N
=985  \\$aRecord merged by DQ team
=985  \\$aUpgraded by BSS-generated file for WR2011-1473
=A02  \\$a2592256
=ACF  \\$aPrevious Copyright Fee: GBP5.00$c0$e01-jul-2009$fGBP5.00$g0$hC$5Uk
=ACF  \\$aPrevious Copyright Fee: GBP5.00$c0$e01-apr-2009$fGBP5.00$g0$hC$5Uk
=ACF  \\$aPrevious Copyright Fee: GBP4.38$c0$e01-jan-2009$fGBP4.38$g0$hC$5Uk
=ACF  \\$aPrevious Copyright Fee: GBP3.50$c0$e01-oct-2008$fGBP3.50$g0$hC$5Uk
=ACF  \\$aPrevious Copyright Fee: GBP3.50$c0$e01-jul-2008$fGBP3.50$g0$hC$5Uk
=ACF  \\$aPrevious Copyright Fee: GBP3.50$c0$e01-apr-2008$fGBP3.50$g0$hC$5Uk
=ACF  \\$aPrevious Copyright Fee: GBP3.50$c0$e01-jan-2008$fGBP3.50$g0$hC$5Uk
=ACF  \\$aPrevious Copyright Fee: GBP3.50$c0$e01-oct-2007$fGBP3.50$g0$hC$5Uk
=ACF  \\$aPrevious copyright fee: GBP10.50$c0$e01-jan-2011$fGBP10.50$g0$hA$5Uk
=ACF  \\$aPrevious copyright fee: GBP12.00$c0$e01-jan-2012$fGBP12.00$g0$hA$5Uk
=ACF  \\$aPrevious Copyright Fee: GBP12.30$c0$e01-jan-2014$fGBP12.30$g0$hA$5Uk
=ACF  \\$aPrevious Copyright Fee: GBP15.00$c0$e01-jan-2017$fGBP15.00$g0$hA$5Uk
=ACF  \\$aPrevious Copyright Fee: GBP17.50$c0$e01-jan-2018$fGBP17.50$g0$hA$5Uk
=ACF  \\$aPrevious Copyright Fee: GBP20.00$c0$e01-jan-2020$fGBP20.00$g0$hA$5Uk
=CAT  \\$aCONV$b00$c20040425$lBLL90$h0707
=CAT  \\$aBATCH-UPD$b00$c20090701$lBLL01$h2023
=CAT  \\$aBATCH$b00$c20090701$lBLL01$h2045
=CAT  \\$aBATCH$b00$c20091207$lBLL01$h0410
=CAT  \\$aBATCH$b00$c20091214$lBLL01$h0213
=CAT  \\$aBATCH$b00$c20091216$lBLL01$h0038
=CAT  \\$aBATCH-UPD$b00$c20101201$lBLL01$h1208
=CAT  \\$aIPL-CLA$c20101231$lBLL01$h1148
=CAT  \\$aWR11_203$c20111204$lBLL01$h1250
=CAT  \\$aIPL-CLA$c20111230$lBLL01$h1652
=CAT  \\$aBATCH-CLA$b00$c20121103$lBLL01$h1030
=CAT  \\$aWR13.005$c20130323$lBLL01$h1247
=CAT  \\$aBATCH-CLA$c20131213$lBLL01$h2004
=CAT  \\$aIPL-CLA$c20131231$lBLL01$h1836
=CAT  \\$aBATCH-CLA$b00$c20161222$lBLL01$h1653
=CAT  \\$aIPL-CLA$c20161230$lBLL01$h1759
=CAT  \\$aBATCH-CLA$b00$c20171222$lBLL01$h1947
=CAT  \\$aIPL-CLA$c20171231$lBLL01$h1335
=CAT  \\$aBATCH-CLA$b00$c20191219$lBLL01$h1618
=CAT  \\$aIPL-CLA$c20191231$lBLL01$h1710
=CAT  \\$aR2001-1524$c20200127$lBLL01$h1921
=CAT  \\$aW2011-1473$b00$c20201124$lBLL01$h1819
=CAT  \\$aBATCH-CLA$b00$c20201204$lBLL01$h1412
=CAT  \\$aIPL-CLA$c20201231$lBLL01$h1905
=CAT  \\$aBATCH-CLA$b00$c20221221$lBLL01$h1716
=CAT  \\$aIPL-CLA$c20221231$lBLL01$h1822
=CFI  0\$aCurrent Copyright Fee: GBP25.00$c0$e01-jan-2023$fGBP25.00$g0$hA$5Uk
=CFI  2\$aPrevious Copyright Fee: GBP22.50$c0$e01-jan-2021$fGBP22.50$g0$hA$5Uk
=FIN  \\$aY
=FMT  \\$a  SE
=LAS  \\$aIPL-CLA$b00$c20221231$lBLL01$h1822
=LEO  \\$aMP10.0000412800
=LEO  \\$aMP25.0000004409
=LKR  \\$aPAR$b009211333$lBLL01$r78500$mNRC annual report$nREPORT- NATIONAL RESEARCH COUNCIL CANADA.
=SRC  \\$aDSS01$bbibmp10.200404.2.aa
=SRC  \\$aSRI01$bbibmp25.200404.2.aa
=TCO  \\$aCAN$bAccess$c008

