=LDR  02622 as a22006733  4500
=001  007184632
=003  Uk
=005  20210423181614.0
=008  040409u||||||||cc\a|\p|||\\\\0\\\|0eng\\
=019  c\$a3006888
=040  \\$aUk$cUk
=245  00$aORIENT TRADE DIRECTORY.
=336  \\$atext$2rdacontent
=337  \\$aunmediated$2rdamedia
=338  \\$avolume$2rdacarrier
=540  \\$aBritish Library not licensed to copy$c0$5Uk
=852  71$aBritish Library$bSTI$cRES$k(XP)$hAA 654$m-E(97)$32002-2003
=852  41$aBritish Library$bSTI$32002- *A=1
=883  0\$aLanguage codes assigned by Bayesian analysis of words present in record$d20210115$qUk$c0.9450
=886  2\$2blmarc$a092$b00$a6291.146700n
=945  \\$aORIENT TRADE DIRECTORY.
=979  \\$aBritish Library$bDSC$j6291.146700N
=A02  \\$a3006888
=ACF  \\$aPrevious copyright fee: GBP9.00$c0$e01-apr-2010$fGBP9.00$g0$hA$5Uk
=ACF  \\$aPrevious copyright fee: GBP6.00$c0$e01-apr-2008$fGBP6.00$g0$hA$5Uk
=ACF  \\$aPrevious copyright fee: GBP5.00$c0$e23-sep-2003$fGBP5.00$g0$hA$5Uk
=CAT  \\$aCONV$b00$c20040425$lBLL90$h0707
=CAT  \\$aCONV$b00$c20040502$lBLL01$h1212
=CAT  \\$c20041008$lBLL01$h2319
=CAT  \\$aBATCH-UPD$b00$c20080223$lBLL01$h2051
=CAT  \\$aBATCH-UPD$b00$c20080225$lBLL01$h2345
=CAT  \\$aBATCH-UPD$b00$c20080330$lBLL01$h0043
=CAT  \\$aBATCH-UPD$b00$c20080330$lBLL01$h1048
=CAT  \\$aBATCH$b00$c20080330$lBLL01$h1829
=CAT  \\$aBATCH$b00$c20091207$lBLL01$h0413
=CAT  \\$aBATCH$b00$c20091214$lBLL01$h0217
=CAT  \\$aBATCH$b00$c20091216$lBLL01$h0039
=CAT  \\$aBATCH-UPD$b00$c20100225$lBLL01$h2256
=CAT  \\$aBATCH-UPD$b00$c20100331$lBLL01$h2043
=CAT  \\$aBATCH-UPD$b00$c20100401$lBLL01$h0022
=CAT  \\$aBATCH$b00$c20100401$lBLL01$h0333
=CAT  \\$aBATCH$b00$c20100401$lBLL01$h1333
=CAT  \\$aBATCH-UPD$b00$c20101124$lBLL01$h1726
=CAT  \\$aBATCH-UPD$b00$c20101125$lBLL01$h0950
=CAT  \\$aIPL-CLA$c20101231$lBLL01$h1152
=CAT  \\$aBATCH-UPD$b00$c20110907$lBLL01$h1752
=CAT  \\$aIPL-CLA$c20110908$lBLL01$h1705
=CAT  \\$aWR11_155$c20120104$lBLL01$h1850
=CAT  \\$aWR11_155$c20120104$lBLL01$h1901
=CAT  \\$aBATCH-CLA$b00$c20121103$lBLL01$h1028
=CAT  \\$aWR13.005$c20130323$lBLL01$h1250
=CAT  \\$aW2102-0046$b00$c20210423$lBLL01$h1816
=CFI  2\$aPrevious copyright fee: GBP10.50$c0$e01-jan-2011$fGBP10.50$g0$hA$5Uk
=FIN  \\$aY
=FMT  \\$a  SE
=LAS  \\$aW2102-0046$b00$c20210423$lBLL01$h1816
=LEO  \\$aMP10.0000424422
=SRC  \\$aDSS01$bbibmp10.200404.2.aa
=TCO  \\$aZZZ$c008

