=LDR  08140cas a2201609ua 4500
=001  007188400
=003  Uk
=005  20211231171119.0
=007  ta
=008  040409c19909999alubr\p\\\\\\\0\\\a0eng\\
=019  c\$a2427585
=019  0\$as10739507x
=022  0\$a1048-826X$y0744-6853
=040  \\$aUk$cUk$dUk
=082  04$a338.4767483$221
=084  \\$aDJ 56$2blsrissc
=210  0\$aPanel world
=222  \0$aPanel world
=245  00$aPanel world :$bveneer, plywood, composites.
=260  \\$aMontgomery, Ala. :$bPanel World, Inc.,$c1990-
=300  \\$av. :$bill. ;$c28 cm.
=310  \\$aBimonthly
=336  \\$atext$2rdacontent
=337  \\$aunmediated$2rdamedia
=338  \\$avolume$2rdacarrier
=362  0\$aVol. 31, no. 1 (Jan. 1990)-
=500  \\$aSubtitle varies.
=500  \\$aPublishers: Panel World, Inc., 1990- ; Plywood & Panel World, Inc., <1994->
=515  \\$aVol. 35, no. 1- also called 344th- issue.
=520  \\$aIncludes annual: Directory/buyer's guide.
=540  \\$aCurrent Copyright Fee: GBP1.10$c0$5Uk
=595  \\$aFORMERLY 6541.0554N.
=650  \0$aPlywood industry$vPeriodicals.
=650  \0$aVeneer industry$vPeriodicals.
=650  \0$aVeneers and veneering$vPeriodicals.
=690  7\$aManagement and Business Studies$2blcoll
=780  00$tPlywood & panel world$x0744-6853
=852  41$aBritish Library$bHMNTS
=852  71$aBritish Library$bSTI$k(P)$hDJ 56$m-E(4)$2blsrissc$3Vol. 31,, no. 2, 1990- ; Deficient: vol.30, no.6; vol.31, no.1
=886  2\$2blmarc$a029$b00$as107395061
=945  \\$aPanel world.
=979  \\$aBritish Library$bDSC$j6357.368000N$xNot selected
=985  \\$aRecord merged by DQ team
=A02  \\$a2427585
=ACF  \\$aPrevious Copyright Fee: GBP0.97$c0$e01-apr-2012$fGBP0.97$g0$hC$5Uk
=ACF  \\$aPrevious Copyright Fee: GBP0.90$c0$e01-jan-2012$fGBP0.90$g0$hC$5Uk
=ACF  \\$aPrevious Copyright Fee: GBP0.90$c0$e01-oct-2011$fGBP0.90$g0$hC$5Uk
=ACF  \\$aPrevious Copyright Fee: GBP0.90$c0$e01-jul-2011$fGBP0.90$g0$hC$5Uk
=ACF  \\$aPrevious Copyright Fee: GBP0.90$c0$e01-apr-2011$fGBP0.90$g0$hC$5Uk
=ACF  \\$aPrevious Copyright Fee: GBP0.90$c0$e01-jan-2011$fGBP0.90$g0$hC$5Uk
=ACF  \\$aPrevious Copyright Fee: GBP0.90$c0$e01-oct-2010$fGBP0.90$g0$hC$5Uk
=ACF  \\$aPrevious Copyright Fee: GBP0.90$c0$e01-jul-2010$fGBP0.90$g0$hC$5Uk
=ACF  \\$aPrevious Copyright Fee: GBP0.90$c0$e01-apr-2010$fGBP0.90$g0$hC$5Uk
=ACF  \\$aPrevious Copyright Fee: GBP0.90$c0$e01-Jan-2010$fGBP0.90$g0$hC$5Uk
=ACF  \\$aPrevious Copyright Fee: GBP0.90$c0$e01-oct-2009$fGBP0.90$g0$hC$5Uk
=ACF  \\$aPrevious Copyright Fee: GBP1.07$c0$e01-jul-2009$fGBP1.07$g0$hC$5Uk
=ACF  \\$aPrevious Copyright Fee: GBP1.07$c0$e01-apr-2009$fGBP1.07$g0$hC$5Uk
=ACF  \\$aPrevious Copyright Fee: GBP0.94$c0$e01-jan-2009$fGBP0.94$g0$hC$5Uk
=ACF  \\$aPrevious Copyright Fee: GBP0.75$c0$e01-oct-2008$fGBP0.75$g0$hC$5Uk
=ACF  \\$aPrevious Copyright Fee: GBP0.75$c0$e01-jul-2008$fGBP0.75$g0$hC$5Uk
=ACF  \\$aPrevious Copyright Fee: GBP0.75$c0$e01-apr-2008$fGBP0.75$g0$hC$5Uk
=ACF  \\$aPrevious Copyright Fee: GBP0.75$c0$e01-jan-2008$fGBP0.75$g0$hC$5Uk
=ACF  \\$aPrevious Copyright Fee: GBP0.75$c0$e01-oct-2007$fGBP0.75$g0$hC$5Uk
=ACF  \\$aPrevious Copyright Fee: GBP0.75$c0$e01-jul-2007$fGBP0.75$g0$hC$5Uk
=ACF  \\$aPrevious Copyright Fee: GBP0.77$c0$e01-apr-2007$fGBP0.77$g0$hC$5Uk
=ACF  \\$aPrevious Copyright Fee: GBP0.81$c0$e01-jan-2007$fGBP0.81$g0$hC$5Uk
=ACF  \\$aPrevious Copyright Fee: GBP0.81$c0$e01-oct-2006$fGBP0.81$g0$hC$5Uk
=ACF  \\$aPrevious Copyright Fee: GBP0.86$c0$e01-jul-2006$fGBP0.86$g0$hC$5Uk
=ACF  \\$aPrevious Copyright Fee: GBP0.86$c0$e01-apr-2006$fGBP0.86$g0$hC$5Uk
=ACF  \\$aPrevious Copyright Fee: GBP0.83$c0$e01-jan-2006$fGBP0.83$g0$hC$5Uk
=ACF  \\$aPrevious Copyright Fee: GBP0.81$c0$e01-oct-2005$fGBP0.81$g0$hC$5Uk
=ACF  \\$aPrevious Copyright Fee: GBP0.81$c0$e01-jul-2005$fGBP0.81$g0$hC$5Uk
=ACF  \\$aPrevious Copyright Fee: GBP0.81$c0$e01-apr-2005$fGBP0.81$g0$hC$5Uk
=ACF  \\$aPrevious Copyright Fee: GBP0.83$c0$e01-jan-2005$fGBP0.83$g0$hC$5Uk
=ACF  \\$aPrevious Copyright Fee: GBP0.81$c0$e01-oct-2004$fGBP0.81$g0$hC$5Uk
=ACF  \\$aPrevious copyright fee: GBP0.81$c0$e01-apr-2004$fGBP0.81$g0$hC$5Uk
=ACF  \\$aCurrent copyright fee: GBP0.88$c0$e01-jan-2004$fGBP0.88$g0$hC$5Uk
=ACF  \\$aCurrent copyright fee: GBP0.94$c0$e01-jan-2003$fGBP0.94$g0$hC$5Uk
=ACF  \\$aPrevious Copyright Fee: GBP0.91$c0$e01-jul-2012$fGBP0.91$g0$hC$5Uk
=ACF  \\$aPrevious Copyright Fee: GBP0.97$c0$e01-oct-2012$fGBP0.97$g0$hC$5Uk
=ACF  \\$aPrevious Copyright Fee: GBP0.94$c0$e01-jan-2013$fGBP0.94$g0$hC$5Uk
=ACF  \\$aPrevious Copyright Fee: GBP0.97$c0$e01-jul-2013$fGBP0.97$g0$hC$5Uk
=ACF  \\$aPrevious Copyright Fee: GBP0.90$c0$e01-oct-2013$fGBP0.90$g0$hC$5Uk
=ACF  \\$aPrevious Copyright Fee: GBP0.94$c0$e01-jan-2014$fGBP0.94$g0$hC$5Uk
=ACF  \\$aPrevious Copyright Fee: GBP0.91$c0$e01-jul-2014$fGBP0.91$g0$hC$5Uk
=ACF  \\$aPrevious Copyright Fee: GBP1.21$c0$e01-jan-2015$fGBP1.21$g0$hC$5Uk
=ACF  \\$aPrevious Copyright Fee: GBP1.33$c0$e01-apr-2015$fGBP1.33$g0$hC$5Uk
=ACF  \\$aPrevious Copyright Fee: GBP1.29$c0$e01-oct-2015$fGBP1.29$g0$hC$5Uk
=ACF  \\$aPrevious Copyright Fee: GBP1.38$c0$e01-apr-2016$fGBP1.38$g0$hC$5Uk
=ACF  \\$aPrevious Copyright Fee: GBP1.48$c0$e01-oct-2016$fGBP1.48$g0$hC$5Uk
=ACF  \\$aPrevious Copyright Fee: GBP1.60$c0$e01-apr-2017$fGBP1.60$g0$hC$5Uk
=ACF  \\$aPrevious Copyright Fee: GBP1.52$c0$e01-oct-2017$fGBP1.52$g0$hC$5Uk
=ACF  \\$aPrevious Copyright Fee: GBP1.54$c0$e01-jan-2018$fGBP1.54$g0$hC$5Uk
=ACF  \\$aPrevious Copyright Fee: GBP1.43$c0$e01-apr-2018$fGBP1.43$g0$hC$5Uk
=ACF  \\$aPrevious Copyright Fee: GBP1.54$c0$e01-oct-2018$fGBP1.54$g0$hC$5Uk
=ACF  \\$aPrevious Copyright Fee: GBP1.60$c0$e01-oct-2019$fGBP1.60$g0$hC$5Uk
=ACF  \\$aPrevious Copyright Fee: GBP1.54$c0$e01-apr-2020$fGBP1.54$g0$hC$5Uk
=ACF  \\$aPrevious Copyright Fee: GBP1.60$c0$e01-jul-2020$fGBP1.60$g0$hC$5Uk
=ACF  \\$aPrevious Copyright Fee: GBP1.49$c0$e01-apr-2021$fGBP1.49$g0$hC$5Uk
=ACF  \\$aPrevious Copyright Fee: GBP1.44$c0$e01-jul-2021$fGBP1.44$g0$hC$5Uk
=CAT  \\$aCONV$b00$c20040425$lBLL90$h0708
=CAT  \\$aIPL-CLA$c20160930$lBLL01$h1542
=CAT  \\$aBATCH-CLA$b00$c20170228$lBLL01$h1631
=CAT  \\$aIPL-CLA$c20170331$lBLL01$h1827
=CAT  \\$aBATCH-CLA$b00$c20170831$lBLL01$h1630
=CAT  \\$aIPL-CLA$c20170929$lBLL01$h1708
=CAT  \\$aBATCH-CLA$b00$c20171130$lBLL01$h1645
=CAT  \\$aIPL-CLA$c20171231$lBLL01$h1339
=CAT  \\$aBATCH-CLA$b00$c20180228$lBLL01$h1644
=CAT  \\$aIPL-CLA$c20180331$lBLL01$h1556
=CAT  \\$aBATCH-CLA$b00$c20180831$lBLL01$h1628
=CAT  \\$aIPL-CLA$c20180930$lBLL01$h1450
=CAT  \\$aBATCH-CLA$b00$c20190909$lBLL01$h1716
=CAT  \\$aIPL-CLA$c20190930$lBLL01$h1627
=CAT  \\$aBATCH-CLA$b00$c20200228$lBLL01$h1632
=CAT  \\$aIPL-CLA$c20200331$lBLL01$h1602
=CAT  \\$aBATCH-CLA$b00$c20200529$lBLL01$h1533
=CAT  \\$aIPL-CLA$c20200701$lBLL01$h0044
=CAT  \\$aBATCH-CLA$b00$c20210227$lBLL01$h1012
=CAT  \\$aIPL-CLA$c20210331$lBLL01$h1832
=CAT  \\$aBATCH-CLA$b00$c20210528$lBLL01$h1526
=CAT  \\$aIPL-CLA$c20210704$lBLL01$h1111
=CAT  \\$aBATCH-CLA$b00$c20210917$lBLL01$h1604
=CAT  \\$aIPL-CLA$c20210930$lBLL01$h1644
=CAT  \\$aBATCH-CLA$b00$c20211203$lBLL01$h0816
=CAT  \\$aIPL-CLA$c20211231$lBLL01$h1711
=CFI  0\$aCurrent Copyright Fee: GBP1.10$c0$e01-jan-2022$fGBP1.10$g0$hC$5Uk
=CFI  2\$aPrevious Copyright Fee: GBP1.42$c0$e01-oct-2021$fGBP1.42$g0$hC$5Uk
=FIN  \\$aY
=FMT  \\$a  SE
=LAS  \\$aIPL-CLA$b00$c20211231$lBLL01$h1711
=LEO  \\$aMP25.0000022124
=LEO  \\$aMP10.0000429656
=LKR  \\$aPAR$b012754075$lBLL01$r78000$mPanel world$nPlywood & panel world
=SRC  \\$aSRI01$bbibmp25.200404.2.aa
=SRC  \\$aDSS01$bbibmp10.200404.2.aa
=TCO  \\$aTRS$bCCC$c008

