=LDR  02812 as a2200793 a 4500
=001  007193424
=003  Uk
=005  20160118105725.0
=007  ta
=008  030124d198u2015enker\p\\\\\\\0\\\a0eng\\
=015  \\$aGBA310763$2bnb
=019  y\$abA310763
=019  9\$abA310763
=019  0\$as683827006
=022  0\$a1745-588X$202
=039  0\$a2727
=040  \\$aUk$beng$cUk$dUk
=042  \\$aissnuk$aukblsr
=082  04$a624.152$221
=084  \\$aSR 45$2blsrissc
=222  \0$aPlant world$b(Buckhurst Hill)
=245  00$aPlant world.
=260  \\$aBuckhurst Hill :$bSheen Publishing,$c-[after August 2015]
=300  \\$av. :$bill. (some col.) ;$c21 cm.
=310  \\$aFortnightly
=336  \\$atext$2rdacontent
=337  \\$aunmediated$2rdamedia
=338  \\$avolume$2rdacarrier
=362  1\$aCeased in 2015.
=500  \\$aDescription based on: 6 Dec. 2002 issue.
=540  \\$aBritish Library not licensed to copy$c0$5Uk
=597  \\$aEnhanced$bSRIS DDC
=650  \0$aIndustrial equipment$vPeriodicals.
=650  \0$aEarthmoving machinery$vPeriodicals.
=785  00$tConstruction plant world$x2397-6071
=852  41$aBritish Library$bHMNTS
=852  71$aBritish Library$bSTI$k(P)$hSR 45$m-E(43)$2blsrissc$36th Dec. (2002)-27th Aug. (2015)
=957  \\$a011211c
=ACF  \\$aPrevious Copyright Fee: GBP12.30$c0$e01-jul-2014$fGBP12.30$g0$hC$5Uk
=ACF  \\$aPrevious Copyright Fee: GBP15.00$c0$e01-jan-2017$fGBP15.00$g0$hC$5Uk
=CAT  \\$aCONV$b00$c20040425$lBLL90$h0713
=CAT  \\$aCONV$b00$c20040502$lBLL01$h1212
=CAT  \\$a8870$b40$c20041022$lBLL01$h1511
=CAT  \\$a8870$b40$c20041022$lBLL01$h1531
=CAT  \\$a8870$b40$c20041029$lBLL01$h1109
=CAT  \\$a8870$b40$c20041029$lBLL01$h1110
=CAT  \\$a8870$b40$c20050708$lBLL01$h1456
=CAT  \\$aBATCH-CLA$b00$c20140530$lBLL01$h1706
=CAT  \\$aIPL-CLA$c20140630$lBLL01$h1655
=CAT  \\$aWR14_140$c20140905$lBLL01$h1714
=CAT  \\$a11205$b40$c20160118$lBLL01$h1054
=CAT  \\$a11205$b40$c20160118$lBLL01$h1057
=CAT  \\$aBATCH-CLA$b00$c20161130$lBLL01$h1638
=CAT  \\$aIPL-CLA$c20161230$lBLL01$h1803
=CAT  \\$aBATCH-CLA$b00$c20171130$lBLL01$h1711
=CAT  \\$aIPL-CLA$c20171231$lBLL01$h1340
=CAT  \\$aBATCH-CLA$b00$c20190228$lBLL01$h1623
=CAT  \\$aIPL-CLA$c20190331$lBLL01$h1721
=CFI  0\$aBritish Library not licensed to copy$c0$e01-apr-2019$hC$iCFP Excluded$5Uk
=CFI  2\$aPrevious Copyright Fee: GBP17.50$c0$e01-jan-2018$fGBP17.50$g0$hC$5Uk
=FIN  \\$aY
=FMT  \\$a  SE
=LAS  \\$aIPL-CLA$b00$c20190331$lBLL01$h1721
=LEO  \\$aMP5.0000018373
=LEO  \\$aMP25.0000361767
=SRC  \\$aBNB03$bbibmp5.200404.2.aa
=SRC  \\$aSRI01$bbibmp25.200404.2.aa
=SRC  \\$aDSS03$bbibsr.200404.2.aa
=TCO  \\$aCLA$bCLA$c008

