=LDR  02857cas a2200793 a 4500
=001  007194604
=003  Uk
=005  20230622164751.0
=007  co\|||
=008  040416d2001200uenkmr\\\s\\\\\0\\\a0eng\\
=015  \\$aGBA120720$2bnb
=019  y\$abA120720
=019  9\$abA120720
=019  0\$as665670001
=022  0\$a1476-8836$202
=039  0\$a2636
=040  \\$aUk$beng$cUk
=082  04$a072$221
=222  \0$aEurope intelligence wire on CD-ROM$b(CD-ROM)
=245  00$aEurope intelligence wire$h[electronic resource].
=246  13$aEurope intelligence wire on CD-ROM
=260  \\$a[Great Britain] :$bFinancial Times,$c2001-
=300  \\$aCD-ROMs ;$c4 3/4 in.
=310  \\$aMonthly
=336  \\$atext$2rdacontent
=337  \\$acomputer$2rdamedia
=338  \\$acomputer disc$2rdacarrier
=362  0\$a1 Jan. 2001/31 Jan. (2001)-
=500  \\$aFull text articles, mainly from British newspapers, covering business information and a wide range of other subjects.
=500  \\$a"Produced by LEXIS-NEXIS Europe" - disc label.
=500  \\$aTitle from disc label.
=500  \\$aAlso entitled: FT McCarthy on CD-ROM, and: Europe intelligence wire on CD-ROM.
=538  \\$aSystem requirements: IBM compatible PC.
=550  \\$aIssued, from <2006>- by: Chadwyck-Healey, and: Proquest Information and Learning Company.
=650  \0$aBritish newspapers$vIndexes$vPeriodicals.
=650  \0$aEuropean newspapers$vIndexes$vPeriodicals.
=650  \0$aBusiness$vIndexes$vPeriodicals.
=650  \0$aBusiness$vNewspapers.
=710  2\$aFinancial Times Ltd.
=710  2\$aChadwyck-Healey Ltd.
=710  2\$aProQuest Information and Learning Company.
=780  00$tFT McCarthy on CD-ROM
=852  71$aBritish Library$bSTI$cBIPC$k(TA)$hAA 652$m-E(1) Business$32001-2007.
=852  41$aBritish Library$bHMNTS
=985  \\$aRecord merged by DQ team
=A02  \\$a1447668$z47668
=CAT  \\$aCONV$b00$c20040425$lBLL90$h0713
=CAT  \\$aCONV$b00$c20040502$lBLL01$h1212
=CAT  \\$a8874$b40$c20080103$lBLL01$h1322
=CAT  \\$a7792$b40$c20090114$lBLL01$h1047
=CAT  \\$a7792$b40$c20090115$lBLL01$h1211
=CAT  \\$a7792$b40$c20090309$lBLL01$h1537
=CAT  \\$aBATCH$b00$c20091207$lBLL01$h0416
=CAT  \\$aBATCH$b00$c20091214$lBLL01$h0222
=CAT  \\$aBATCH$b00$c20091216$lBLL01$h0041
=CAT  \\$a8874$b40$c20140813$lBLL01$h1119
=CAT  \\$aWR14_140$c20140905$lBLL01$h1714
=CAT  \\$aW2306-1299$c20230622$lBLL01$h1652
=FIN  \\$aY
=FMT  \\$a  SE
=LAS  \\$aW2306-1299$b00$c20230622$lBLL01$h1652
=LEO  \\$aMP5.0001463827
=LEO  \\$aMP25.0000346764
=LEO  \\$aMP22.0000068841
=SRC  \\$aISN01$bbibmp22.200404.2.aa
=SRC  \\$aBNB03$bbibmp5.200404.2.ac
=SRC  \\$aSRI01$bbibmp25.200404.2.aa
=SRC  \\$aDSS03$bbibsr.200404.2.aa
=TCO  \\$aCLA$bCLA$c008

