=LDR  02966 as a2200733 a 4500
=001  007196574
=003  Uk
=005  20201124181946.0
=007  ta
=008  850108d195u198usz\uu\p\\\\\\\1\\\a0mul\\
=019  c\$a2129979
=019  0\$as222648007
=022  0\$a0074-8528
=040  \\$aUk$cUk$dUk
=041  0\$aeng$afre$ager$aita$aspa
=082  04$a615.39$223
=084  \\$aGY 56$2blsrissc
=110  2\$aInternational Society of Blood Transfusion.$bCongress.
=222  \0$aProceedings of the International Society of Blood Transfusion
=245  10$aProceedings of the Congress, International Society of Blood Transfusion.
=260  \\$aBasel :$bKarger
=300  \\$av. :$bill. ;$c22-25 cm.
=336  \\$atext$2rdacontent
=337  \\$aunmediated$2rdamedia
=338  \\$avolume$2rdacarrier
=500  \\$aAbstracts only held for 18th, 1984.
=500  \\$aAbstracts and educational book only held for 20th, 1988.
=500  \\$a20th, 1988 held in association with the British Blood Transfusion Society.
=500  \\$aPublisher varies.
=500  \\$aSome issues published as part of the series "Bibliotheca haematologica"; Fasc. 7, 6th Congress, 1956 etc.
=555  \\$aCumulative index.
=580  \\$aAbstracts of 15th Congress in "International Congress of Hematology", 17th, 1978; proceedings of plenary sessions of 17th Congress in "International Congress of Hematology", 19th, 1982.
=595  \\$aSEE 2018.960.
=650  \0$aBlood$xTransfusion$vCongresses.
=710  2\$aBritish Blood Transfusion Society.
=772  1\$tBibliotheca haematologica (Basel)$x0067-7957
=852  71$aBritish Library$bSTI$k(P)$hEX 39$m-E(10)$2blsrissc$315th and 17th Congresses only
=852  49$aBritish Library$bDSC$3See shelfmark 2018.960000
=852  71$aBritish Library$bSTI$k(P)$hGY 56$m-E(1)$2blsrissc$37th, 1958 - 20th, 1988. ; Deficient: 13th, 1972; 16th, 1980; 19th, 1986
=945  \\$aPROCEEDINGS OF CONGRESS- INTERNATIONAL SOCIETY OF BLOOD TRANSFUSION.
=968  \\$aC
=985  \\$aRecord merged by DQ team
=985  \\$aUpgraded by BSS-generated file for WR2011-1473
=A02  \\$a2129979$z10130
=CAT  \\$aCONV$b00$c20040425$lBLL90$h0713
=CAT  \\$aCONV$b00$c20040502$lBLL01$h1212
=CAT  \\$aBATCH$b00$c20091207$lBLL01$h0417
=CAT  \\$aBATCH$b00$c20091214$lBLL01$h0222
=CAT  \\$aBATCH$b00$c20091216$lBLL01$h0042
=CAT  \\$a8201$b40$c20121106$lBLL01$h1149
=CAT  \\$a8201$b40$c20121106$lBLL01$h1200
=CAT  \\$a8874$b40$c20121109$lBLL01$h1237
=CAT  \\$aWR13.005$c20130323$lBLL01$h1311
=CAT  \\$aBATCH-UPD$b00$c20160923$lBLL01$h1838
=CAT  \\$aW2011-1473$b00$c20201124$lBLL01$h1819
=FIN  \\$aY
=FMT  \\$a  SE
=LAS  \\$aW2011-1473$b00$c20201124$lBLL01$h1819
=LEO  \\$aMP10.0000455938
=LEO  \\$aMP25.0000085346
=SRC  \\$aDSS01$bbibmp10.200404.2.aa
=SRC  \\$aDSS03$bbibsr.200404.2.aa
=SRC  \\$aSRI01$bbibmp25.200404.2.aa
=TCO  \\$aZZZ$c008

