=LDR  08407cas a2201585ua 4500
=001  007197011
=003  Uk
=005  20211231171122.0
=007  ta
=008  040416d19781997nyuw||p\\\\\\\0\\\a0eng\\
=019  c\$a1400117
=019  0\$as009694021
=022  \\$a0163-1829
=040  \\$aUk$cUk$dUk
=082  0\$a530.41
=084  \\$aKX 80$2blsrissc
=210  0\$aPhys. rev., B, Condens. matter
=222  \0$aPhysical review. B, Condensed matter
=245  00$aPhysical review.$nB,$pCondensed matter.
=246  30$aCondensed matter
=260  \\$aNew York :$bAmerican Institute of Physics,$c1978-1997.
=300  \\$a39 v. :$bill. ;$c27 cm.
=310  \\$a4 no. a month, <1992>-1997
=321  \\$aSemimonthly,$bJuly 1, 1978-
=321  \\$a3 no. a month,$b<1 Jan. 1987- >
=336  \\$atext$2rdacontent
=337  \\$aunmediated$2rdamedia
=338  \\$avolume$2rdacarrier
=362  0\$a3rd ser., v. 18, no. 1 (July 1, 1978)-3rd ser., v. 56, no. 24 (15 Dec. 1997).
=500  \\$aSummaries of papers published in advance in "Physical review abstracts", q.v.
=500  \\$aPublished for American Physical Society.
=540  \\$aCurrent Copyright Fee: GBP18.25$c0$5Uk
=580  \\$aFor index, see "Physical review and Physical review letters index".
=650  \0$aCondensed matter$vPeriodicals.
=710  2\$aAmerican Institute of Physics.
=710  2\$aAmerican Physical Society.
=776  1\$tPhysical review. B, Condensed matter (Online)$x1095-3795
=780  00$tPhysical review. B, Solid state$x0556-2805
=785  00$tPhysical review. B, Condensed matter and materials physics
=787  1\$tPhysical review and Physical review letters index$x0094-0003
=852  49$aBritish Library$bDSC$3See shelfmark 6476.050000
=852  71$aBritish Library$bSTI$k(P)$hPQ 00$m-E(49)$2blsrissc$3Index
=852  71$aBritish Library$bSTI$k(P)$hKX 80$m-E(14)$2blsrissc$3Series 3, vol. 18 (1978)-v. 56 (1997) ; Deficient: vol.11, 1987; vol.44, no.22, 1991
=886  2\$2blmarc$a029$b00$aS009694013$aS135958008$aS135958016
=985  \\$aRecord merged by DQ team
=A02  \\$a1400117$z117
=ACF  \\$aPrevious copyright fee: GBP16.13$c0$e01-apr-2012$fGBP16.13$g0$hC$5Uk
=ACF  \\$aPrevious Copyright Fee: GBP15.00$c0$e01-jan-2012$fGBP15.00$g0$hC$5Uk
=ACF  \\$aPrevious Copyright Fee: GBP15.00$c0$e01-oct-2011$fGBP15.00$g0$hC$5Uk
=ACF  \\$aPrevious Copyright Fee: GBP15.00$c0$e01-jul-2011$fGBP15.00$g0$hC$5Uk
=ACF  \\$aPrevious Copyright Fee: GBP15.00$c0$e01-apr-2011$fGBP15.00$g0$hC$5Uk
=ACF  \\$aPrevious Copyright Fee: GBP15.00$c0$e01-jan-2011$fGBP15.00$g0$hC$5Uk
=ACF  \\$aPrevious Copyright Fee: GBP15.00$c0$e01-oct-2010$fGBP15.00$g0$hC$5Uk
=ACF  \\$aPrevious Copyright Fee: GBP15.00$c0$e01-jul-2010$fGBP15.00$g0$hC$5Uk
=ACF  \\$aPrevious Copyright Fee: GBP15.00$c0$e01-apr-2010$fGBP15.00$g0$hC$5Uk
=ACF  \\$aPrevious Copyright Fee: GBP15.00$c0$e01-Jan-2010$fGBP15.00$g0$hC$5Uk
=ACF  \\$aPrevious Copyright Fee: GBP15.00$c0$e01-oct-2009$fGBP15.00$g0$hC$5Uk
=ACF  \\$aPrevious Copyright Fee: GBP17.86$c0$e01-jul-2009$fGBP17.86$g0$hC$5Uk
=ACF  \\$aPrevious Copyright Fee: GBP17.86$c0$e01-apr-2009$fGBP17.86$g0$hC$5Uk
=ACF  \\$aPrevious Copyright Fee: GBP15.63$c0$e01-jan-2009$fGBP15.63$g0$hC$5Uk
=ACF  \\$aPrevious Copyright Fee: GBP12.50$c0$e01-oct-2008$fGBP12.50$g0$hC$5Uk
=ACF  \\$aPrevious Copyright Fee: GBP12.50$c0$e01-jul-2008$fGBP12.50$g0$hC$5Uk
=ACF  \\$aPrevious Copyright Fee: GBP12.50$c0$e01-apr-2008$fGBP12.50$g0$hC$5Uk
=ACF  \\$aPrevious Copyright Fee: GBP12.50$c0$e01-jan-2008$fGBP12.50$g0$hC$5Uk
=ACF  \\$aPrevious Copyright Fee: GBP12.50$c0$e01-oct-2007$fGBP12.50$g0$hC$5Uk
=ACF  \\$aPrevious Copyright Fee: GBP12.50$c0$e01-jul-2007$fGBP12.50$g0$hC$5Uk
=ACF  \\$aPrevious Copyright Fee: GBP12.82$c0$e01-apr-2007$fGBP12.82$g0$hC$5Uk
=ACF  \\$aPrevious Copyright Fee: GBP12.43$c0$e01-jan-2007$fGBP12.43$g0$hC$5Uk
=ACF  \\$aPrevious Copyright Fee: GBP12.43$c0$e01-oct-2006$fGBP12.43$g0$hC$5Uk
=ACF  \\$aPrevious Copyright Fee: GBP13.14$c0$e01-jul-2006$fGBP13.14$g0$hC$5Uk
=ACF  \\$aPrevious Copyright Fee: GBP13.14$c0$e01-apr-2006$fGBP13.14$g0$hC$5Uk
=ACF  \\$aPrevious Copyright Fee: GBP12.78$c0$e01-jan-2006$fGBP12.78$g0$hC$5Uk
=ACF  \\$aPrevious Copyright Fee: GBP12.43$c0$e01-oct-2005$fGBP12.43$g0$hC$5Uk
=ACF  \\$aPrevious Copyright Fee: GBP12.43$c0$e01-jul-2005$fGBP12.43$g0$hC$5Uk
=ACF  \\$aPrevious Copyright Fee: GBP12.43$c0$e01-apr-2005$fGBP12.43$g0$hC$5Uk
=ACF  \\$aPrevious Copyright Fee: GBP12.50$c0$e01-jan-2005$fGBP12.50$g0$hC$5Uk
=ACF  \\$aPrevious Copyright Fee: GBP12.16$c0$e01-oct-2004$fGBP12.16$g0$hC$5Uk
=ACF  \\$aPrevious copyright fee: GBP15.63$c66\0$e08-may-2012$fGBP15.63$g0$hP$5Uk
=ACF  \\$aPrevious copyright fee: GBP15.15$c66\0$e01-jul-2012$fGBP15.15$g0$hP$5Uk
=ACF  \\$aPrevious copyright fee: GBP15.63$c66\0$e01-jan-2013$fGBP15.63$g0$hP$5Uk
=ACF  \\$aPrevious copyright fee: GBP16.13$c66\0$e01-jul-2013$fGBP16.13$g0$hP$5Uk
=ACF  \\$aPrevious copyright fee: GBP15.63$c66\0$e01-jan-2014$fGBP15.63$g0$hP$5Uk
=ACF  \\$aPrevious copyright fee: GBP16.13$c66\0$e01-apr-2015$fGBP16.13$g0$hP$5Uk
=ACF  \\$aPrevious copyright fee: GBP15.15$c66\0$e01-jul-2014$fGBP15.15$g0$hP$5Uk
=ACF  \\$aPrevious copyright fee: GBP16.67$c0$e05-may-2015$fGBP16.67$g0$hC$5Uk
=ACF  \\$aPrevious Copyright Fee: GBP16.13$c0$e01-oct-2015$fGBP16.13$g0$hC$5Uk
=ACF  \\$aPrevious Copyright Fee: GBP17.24$c0$e01-apr-2016$fGBP17.24$g0$hC$5Uk
=ACF  \\$aPrevious Copyright Fee: GBP18.52$c0$e01-oct-2016$fGBP18.52$g0$hC$5Uk
=ACF  \\$aPrevious Copyright Fee: GBP20.00$c0$e01-apr-2017$fGBP20.00$g0$hC$5Uk
=ACF  \\$aPrevious Copyright Fee: GBP19.00$c0$e01-oct-2017$fGBP19.00$g0$hC$5Uk
=ACF  \\$aPrevious Copyright Fee: GBP19.23$c0$e01-jan-2018$fGBP19.23$g0$hC$5Uk
=ACF  \\$aPrevious Copyright Fee: GBP17.86$c0$e01-apr-2018$fGBP17.86$g0$hC$5Uk
=ACF  \\$aPrevious Copyright Fee: GBP19.23$c0$e01-oct-2018$fGBP19.23$g0$hC$5Uk
=ACF  \\$aPrevious Copyright Fee: GBP20.00$c0$e01-oct-2019$fGBP20.00$g0$hC$5Uk
=ACF  \\$aPrevious Copyright Fee: GBP19.23$c0$e01-apr-2020$fGBP19.23$g0$hC$5Uk
=ACF  \\$aPrevious Copyright Fee: GBP20.00$c0$e01-jul-2020$fGBP20.00$g0$hC$5Uk
=ACF  \\$aPrevious Copyright Fee: GBP18.61$c0$e01-apr-2021$fGBP18.61$g0$hC$5Uk
=ACF  \\$aPrevious Copyright Fee: GBP18.06$c0$e01-jul-2021$fGBP18.06$g0$hC$5Uk
=CAT  \\$aCONV$b00$c20040425$lBLL90$h0713
=CAT  \\$aIPL-CLA$c20160930$lBLL01$h1543
=CAT  \\$aBATCH-CLA$b00$c20170228$lBLL01$h1630
=CAT  \\$aIPL-CLA$c20170331$lBLL01$h1827
=CAT  \\$aBATCH-CLA$b00$c20170831$lBLL01$h1627
=CAT  \\$aIPL-CLA$c20170929$lBLL01$h1708
=CAT  \\$aBATCH-CLA$b00$c20171130$lBLL01$h1706
=CAT  \\$aIPL-CLA$c20171231$lBLL01$h1340
=CAT  \\$aBATCH-CLA$b00$c20180228$lBLL01$h1641
=CAT  \\$aIPL-CLA$c20180331$lBLL01$h1556
=CAT  \\$aBATCH-CLA$b00$c20180831$lBLL01$h1623
=CAT  \\$aIPL-CLA$c20180930$lBLL01$h1450
=CAT  \\$aBATCH-CLA$b00$c20190909$lBLL01$h1713
=CAT  \\$aIPL-CLA$c20190930$lBLL01$h1627
=CAT  \\$aBATCH-CLA$b00$c20200228$lBLL01$h1633
=CAT  \\$aIPL-CLA$c20200331$lBLL01$h1603
=CAT  \\$aBATCH-CLA$b00$c20200529$lBLL01$h1533
=CAT  \\$aIPL-CLA$c20200701$lBLL01$h0044
=CAT  \\$aBATCH-CLA$b00$c20210227$lBLL01$h1010
=CAT  \\$aIPL-CLA$c20210331$lBLL01$h1832
=CAT  \\$aBATCH-CLA$b00$c20210528$lBLL01$h1525
=CAT  \\$aIPL-CLA$c20210704$lBLL01$h1112
=CAT  \\$aBATCH-CLA$b00$c20210917$lBLL01$h1603
=CAT  \\$aIPL-CLA$c20210930$lBLL01$h1644
=CAT  \\$aBATCH-CLA$b00$c20211203$lBLL01$h0814
=CAT  \\$aIPL-CLA$c20211231$lBLL01$h1711
=CFI  0\$aCurrent Copyright Fee: GBP18.25$c0$e01-jan-2022$fGBP18.25$g0$hC$5Uk
=CFI  2\$aPrevious Copyright Fee: GBP17.74$c0$e01-oct-2021$fGBP17.74$g0$hC$5Uk
=FMT  \\$a  SE
=LAS  \\$aIPL-CLA$b00$c20211231$lBLL01$h1711
=LEO  \\$aMP25.0000000775
=LEO  \\$aMP10.0000439265
=LKR  \\$aPAR$b012091291$lBLL01$r78000$mPhysical review. B, Condensed matter$nPhysical review. B, Solid state
=SRC  \\$aSRI01$bbibmp25.200404.2.aa
=SRC  \\$aDSS01$bbibmp10.200404.2.aa
=SRC  \\$aDSS03$bbibsr.200404.2.aa
=TCO  \\$aTRS$bCCC$c008

