=LDR  04037cas a2201045 a 4500
=001  007201531
=003  Uk
=005  20230210004153.0
=006  aa\\\|||||||||||||
=007  ta
=008  990113d19962006enkmr\p\\\\\\\0\\\a0eng\\
=015  \\$aGB9929396$2bnb
=019  c\$a2589347
=019  y\$ab9929396
=019  9\$ab9929396
=019  0\$as647233002
=022  1\$a1365-8271$202
=039  0\$a2537
=040  \\$aUk$cUk$dUk
=042  \\$aissnuk
=082  04$a338.436292220941$221
=084  \\$aVK 46$2blsrissc
=222  \0$aWhat car? used car price guide
=245  00$aWhat car? Used car price guide.
=260  \\$aTeddington (60 Waldegrave Rd, Teddington, Middx TW11 8LG) :$bHaymarket Motroring Publications,$c1996-2006.
=300  \\$av. :$bill. ;$c22 cm.
=310  \\$aMonthly
=336  \\$atext$2rdacontent
=337  \\$aunmediated$2rdamedia
=338  \\$avolume$2rdacarrier
=362  0\$a[1996]-Aug. 2006
=500  \\$aDescription based on: Sept. '98 issue.
=540  \\$aCurrent Copyright Fee: GBP12.30$c0$5Uk
=650  \0$aUsed cars$zGreat Britain$xPrices$vPeriodicals.
=690  7\$aManagement and Business Studies$2blcoll
=780  05$tBook, used car price guide$x1362-1483
=785  00$tWhat car? Price guide$x1752-7317
=852  49$aBritish Library$bDSC$3See shelfmark 9309.660000
=852  71$aBritish Library$bSTI$cRES$k(P)$hVK 46$m-E(23)$2blsrissc$3Earlier issues
=852  71$aBritish Library$bSTI$k(P)$hVK 46$m-E(23)$2blsrissc$3SEP-1998- DEFICIENT: APR-1999, JAN 2000
=945  \\$aWHAT CAR -USED CAR PRICE GUIDE-.
=957  \\$a981102c
=963  \\$aSEP. 1998- *A=1$bN$cL429:85.C.139
=985  \\$aRecord merged by DQ team
=A02  \\$a2589347$z42768
=ACF  \\$aPrevious Copyright Fee: GBP6.00$c0$e01-oct-2008$fGBP6.00$g0$hC$5Uk
=ACF  \\$aCurrent copyright fee: GBP4.40$c0$e09-feb-2000$fGBP4.40$g0$hA$5Uk
=ACF  \\$aPrevious copyright fee: GBP10.50$c0$e01-jan-2011$fGBP10.50$g0$hA$5Uk
=ACF  \\$aPrevious copyright fee: GBP12.00$c0$e01-jan-2012$fGBP12.00$g0$hA$5Uk
=ACF  \\$aPrevious Copyright Fee: GBP12.30$c0$e01-jan-2014$fGBP12.30$g0$hC$5Uk
=CAT  \\$aCONV$b00$c20040425$lBLL90$h0713
=CAT  \\$aCONV$b00$c20040502$lBLL01$h1212
=CAT  \\$a8201$b40$c20070910$lBLL01$h0943
=CAT  \\$a8201$b40$c20070910$lBLL01$h1101
=CAT  \\$aBATCH-CLA$b00$c20080829$lBLL01$h1836
=CAT  \\$aBATCH-UPD$b00$c20080930$lBLL01$h2315
=CAT  \\$aBATCH$b00$c20081001$lBLL01$h0035
=CAT  \\$aBATCH$b00$c20090517$lBLL01$h1818
=CAT  \\$aBATCH$b00$c20091207$lBLL01$h0419
=CAT  \\$aBATCH$b00$c20091214$lBLL01$h0224
=CAT  \\$aBATCH$b00$c20091216$lBLL01$h0043
=CAT  \\$aBATCH-UPD$b00$c20101201$lBLL01$h1210
=CAT  \\$aIPL-CLA$c20101231$lBLL01$h1156
=CAT  \\$aWR11_203$c20111204$lBLL01$h1255
=CAT  \\$aIPL-CLA$c20111230$lBLL01$h1700
=CAT  \\$aBATCH-CLA$b00$c20121103$lBLL01$h1026
=CAT  \\$aWR13.005$c20130323$lBLL01$h1311
=CAT  \\$aBATCH-CLA$b00$c20131129$lBLL01$h1649
=CAT  \\$aIPL-CLA$c20131231$lBLL01$h1844
=CAT  \\$aWR14_140$c20140905$lBLL01$h1714
=CAT  \\$aBATCH-CLA$b00$c20221130$lBLL01$h1425
=CAT  \\$aIPL-CLA$c20221231$lBLL01$h1825
=CAT  \\$aBATCH-CLA$b00$c20230209$lBLL01$h1513
=CAT  \\$aIPL-CLA$c20230210$lBLL01$h0041
=CFI  0\$aCurrent Copyright Fee: GBP12.30$c0$e09-feb-2023$fGBP12.30$g0$hC$5Uk
=CFI  2\$aBritish Library not licensed to copy$c0$e01-jan-2023$hC$iCFP Excluded$5Uk
=FIN  \\$aY
=FMT  \\$a  SE
=LAS  \\$aIPL-CLA$b00$c20230210$lBLL01$h0041
=LEO  \\$aMP10.0000610127
=LEO  \\$aMP5.0001508383
=LEO  \\$aMP22.0000052443
=LEO  \\$aMP25.0000330026
=LKR  \\$aPAR$b013568858$lBLL01$r78500$mWhat car? used car price guide$nWhat car? Price guide
=SRC  \\$aDSS01$bbibmp10.200404.2.aa
=SRC  \\$aDSS03$bbibsr.200404.2.aa
=SRC  \\$aBNB03$bbibmp5.200404.2.ac
=SRC  \\$aISN01$bbibmp22.200404.2.aa
=SRC  \\$aSRI01$bbibmp25.200404.2.aa
=TCO  \\$aCLA$bCLA$c008

