=LDR  07381cas a2201429 a 4500
=001  007201562
=003  Uk
=005  20211231171123.0
=007  ta
=008  040416d20012007maumr\p\\\\\\\0\\\a0eng\\
=019  0\$as675965004
=022  0\$a1534-956X
=040  \\$aUk$cUk$dUk
=082  04$a384.09705$221
=084  \\$aRQ 50$2blsrissc
=210  0\$aTelecommun. Am.
=222  \0$aTelecommunications Americas
=245  00$aTelecommunications Americas.
=246  18$aTelecommunications
=260  \\$aNorwood, Mass. :$bHorizon House,$c2001-2007.
=300  \\$a6 v. :$bcol. ill., col. ports. ;$c28 cm.
=310  \\$aMonthly
=336  \\$atext$2rdacontent
=337  \\$aunmediated$2rdamedia
=338  \\$avolume$2rdacarrier
=362  0\$aVol. 35, no. 2 (Feb. 2001)-vol. 41, no. 6 (June 2007).
=540  \\$aCurrent Copyright Fee: GBP13.27$c0$5Uk
=580  \\$aMerged with: Telecommunications international, to form: Telecommunications.
=595  \\$aSee 11133594 for DSC stock.
=650  \0$aTelecommunication$zUnited States$vPeriodicals.
=775  0\$tTelecommunications international$x1534-9594
=780  00$tTelecommunications (North American edition)$x0278-4831
=785  17$tTelecommunications international$x1534-9594
=785  17$tTelecommunications (Norwood, Mass. : Town)$x1936-993X
=852  49$aBritish Library$bDSC$3for DSC stock see 8781.012000
=852  71$aBritish Library$bSTI$k(P)$hRQ 50$m-E(16)$2blsrissc$3Volume 35, Number 2 (2001)-Volume 41, Number 6 (2007)
=985  \\$aRecord merged by SUNCAT team
=A02  \\$a1452456$z52456
=ACF  \\$aPrevious Copyright Fee: GBP8.39$c0$e01-apr-2012$fGBP8.39$g0$hC$5Uk
=ACF  \\$aPrevious Copyright Fee: GBP7.80$c0$e01-jan-2012$fGBP7.80$g0$hC$5Uk
=ACF  \\$aPrevious Copyright Fee: GBP7.80$c0$e01-oct-2011$fGBP7.80$g0$hC$5Uk
=ACF  \\$aPrevious Copyright Fee: GBP7.80$c0$e01-jul-2011$fGBP7.80$g0$hC$5Uk
=ACF  \\$aPrevious Copyright Fee: GBP7.80$c0$e01-jan-2011$fGBP7.80$g0$hC$5Uk
=ACF  \\$aPrevious Copyright Fee: GBP7.80$c0$e01-oct-2010$fGBP7.80$g0$hC$5Uk
=ACF  \\$aPrevious Copyright Fee: GBP7.80$c0$e01-jul-2010$fGBP7.80$g0$hC$5Uk
=ACF  \\$aPrevious Copyright Fee: GBP7.80$c0$e01-apr-2010$fGBP7.80$g0$hC$5Uk
=ACF  \\$aPrevious Copyright Fee: GBP7.80$c0$e01-Jan-2010$fGBP7.80$g0$hC$5Uk
=ACF  \\$aPrevious Copyright Fee: GBP7.80$c0$e01-oct-2009$fGBP7.80$g0$hC$5Uk
=ACF  \\$aPrevious Copyright Fee: GBP9.29$c0$e01-jul-2009$fGBP9.29$g0$hC$5Uk
=ACF  \\$aPrevious Copyright Fee: GBP9.29$c0$e01-apr-2009$fGBP9.29$g0$hC$5Uk
=ACF  \\$aPrevious Copyright Fee: GBP8.13$c0$e01-jan-2009$fGBP8.13$g0$hC$5Uk
=ACF  \\$aPrevious Copyright Fee: GBP6.50$c0$e01-oct-2008$fGBP6.50$g0$hC$5Uk
=ACF  \\$aPrevious Copyright Fee: GBP6.50$c0$e01-jul-2008$fGBP6.50$g0$hC$5Uk
=ACF  \\$aPrevious Copyright Fee: GBP6.50$c0$e01-apr-2008$fGBP6.50$g0$hC$5Uk
=ACF  \\$aPrevious Copyright Fee: GBP6.50$c0$e01-jan-2008$fGBP6.50$g0$hC$5Uk
=ACF  \\$aPrevious Copyright Fee: GBP6.50$c0$e01-oct-2007$fGBP6.50$g0$hC$5Uk
=ACF  \\$aPrevious Copyright Fee: GBP6.50$c0$e01-jul-2007$fGBP6.50$g0$hC$5Uk
=ACF  \\$aPrevious Copyright Fee: GBP6.67$c0$e01-apr-2007$fGBP6.67$g0$hC$5Uk
=ACF  \\$aPrevious Copyright Fee: GBP7.03$c0$e01-jan-2007$fGBP7.03$g0$hC$5Uk
=ACF  \\$aPrevious Copyright Fee: GBP7.03$c0$e01-oct-2006$fGBP7.03$g0$hC$5Uk
=ACF  \\$aPrevious Copyright Fee: GBP7.43$c0$e01-jul-2006$fGBP7.43$g0$hC$5Uk
=ACF  \\$aPrevious Copyright Fee: GBP7.43$c0$e01-apr-2006$fGBP7.43$g0$hC$5Uk
=ACF  \\$aPrevious Copyright Fee: GBP7.22$c0$e01-jan-2006$fGBP7.22$g0$hC$5Uk
=ACF  \\$aPrevious Copyright Fee: GBP7.03$c0$e01-oct-2005$fGBP7.03$g0$hC$5Uk
=ACF  \\$aPrevious Copyright Fee: GBP7.88$c0$e01-jul-2012$fGBP7.88$g0$hC$5Uk
=ACF  \\$aPrevious Copyright Fee: GBP8.39$c0$e01-oct-2012$fGBP8.39$g0$hC$5Uk
=ACF  \\$aPrevious Copyright Fee: GBP11.38$c0$e01-jan-2013$fGBP11.38$g0$hC$5Uk
=ACF  \\$aPrevious Copyright Fee: GBP11.74$c0$e01-jul-2013$fGBP11.74$g0$hC$5Uk
=ACF  \\$aPrevious Copyright Fee: GBP10.92$c0$e01-oct-2013$fGBP10.92$g0$hC$5Uk
=ACF  \\$aPrevious Copyright Fee: GBP11.38$c0$e01-jan-2014$fGBP11.38$g0$hC$5Uk
=ACF  \\$aPrevious Copyright Fee: GBP11.03$c0$e01-jul-2014$fGBP11.03$g0$hC$5Uk
=ACF  \\$aPrevious Copyright Fee: GBP9.09$c0$e01-jan-2015$fGBP9.09$g0$hC$5Uk
=ACF  \\$aPrevious Copyright Fee: GBP10.00$c0$e01-apr-2015$fGBP10.00$g0$hC$5Uk
=ACF  \\$aPrevious Copyright Fee: GBP9.68$c0$e01-oct-2015$fGBP9.68$g0$hC$5Uk
=ACF  \\$aPrevious Copyright Fee: GBP10.34$c0$e01-apr-2016$fGBP10.34$g0$hC$5Uk
=ACF  \\$aPrevious Copyright Fee: GBP11.11$c0$e01-oct-2016$fGBP11.11$g0$hC$5Uk
=ACF  \\$aPrevious Copyright Fee: GBP12.00$c0$e01-apr-2017$fGBP12.00$g0$hC$5Uk
=ACF  \\$aPrevious Copyright Fee: GBP11.40$c0$e01-oct-2017$fGBP11.40$g0$hC$5Uk
=ACF  \\$aPrevious Copyright Fee: GBP11.54$c0$e01-jan-2018$fGBP11.54$g0$hC$5Uk
=ACF  \\$aPrevious Copyright Fee: GBP10.71$c0$e01-apr-2018$fGBP10.71$g0$hC$5Uk
=ACF  \\$aPrevious Copyright Fee: GBP11.54$c0$e01-oct-2018$fGBP11.54$g0$hC$5Uk
=ACF  \\$aPrevious Copyright Fee: GBP12.00$c0$e01-oct-2019$fGBP12.00$g0$hC$5Uk
=ACF  \\$aPrevious Copyright Fee: GBP11.54$c0$e01-apr-2020$fGBP11.54$g0$hC$5Uk
=ACF  \\$aPrevious Copyright Fee: GBP12.00$c0$e01-jul-2020$fGBP12.00$g0$hC$5Uk
=ACF  \\$aPrevious Copyright Fee: GBP11.17$c0$e01-apr-2021$fGBP11.17$g0$hC$5Uk
=ACF  \\$aPrevious Copyright Fee: GBP10.84$c0$e01-jul-2021$fGBP10.84$g0$hC$5Uk
=CAT  \\$aCONV$b00$c20040425$lBLL90$h0713
=CAT  \\$aIPL-CLA$c20160930$lBLL01$h1543
=CAT  \\$aBATCH-CLA$b00$c20170228$lBLL01$h1628
=CAT  \\$aIPL-CLA$c20170331$lBLL01$h1827
=CAT  \\$aBATCH-CLA$b00$c20170831$lBLL01$h1631
=CAT  \\$aIPL-CLA$c20170929$lBLL01$h1708
=CAT  \\$aBATCH-CLA$b00$c20171130$lBLL01$h1649
=CAT  \\$aIPL-CLA$c20171231$lBLL01$h1340
=CAT  \\$aBATCH-CLA$b00$c20180228$lBLL01$h1645
=CAT  \\$aIPL-CLA$c20180331$lBLL01$h1556
=CAT  \\$aBATCH-CLA$b00$c20180831$lBLL01$h1625
=CAT  \\$aIPL-CLA$c20180930$lBLL01$h1450
=CAT  \\$aBATCH-CLA$b00$c20190909$lBLL01$h1718
=CAT  \\$aIPL-CLA$c20190930$lBLL01$h1627
=CAT  \\$aBATCH-CLA$b00$c20200228$lBLL01$h1632
=CAT  \\$aIPL-CLA$c20200331$lBLL01$h1603
=CAT  \\$aBATCH-CLA$b00$c20200529$lBLL01$h1536
=CAT  \\$aIPL-CLA$c20200701$lBLL01$h0044
=CAT  \\$aBATCH-CLA$b00$c20210227$lBLL01$h1010
=CAT  \\$aIPL-CLA$c20210331$lBLL01$h1832
=CAT  \\$aBATCH-CLA$b00$c20210528$lBLL01$h1525
=CAT  \\$aIPL-CLA$c20210704$lBLL01$h1112
=CAT  \\$aBATCH-CLA$b00$c20210917$lBLL01$h1603
=CAT  \\$aIPL-CLA$c20210930$lBLL01$h1644
=CAT  \\$aBATCH-CLA$b00$c20211203$lBLL01$h0815
=CAT  \\$aIPL-CLA$c20211231$lBLL01$h1711
=CFI  0\$aCurrent Copyright Fee: GBP13.27$c0$e01-jan-2022$fGBP13.27$g0$hC$5Uk
=CFI  2\$aPrevious Copyright Fee: GBP10.65$c0$e01-oct-2021$fGBP10.65$g0$hC$5Uk
=FIN  \\$aY$d20071127
=FMT  \\$a  SE
=LAS  \\$aIPL-CLA$b00$c20211231$lBLL01$h1711
=LEO  \\$aMP25.0000355364
=LKR  \\$aPAR$b011133594$lBLL01$r78000$mTelecommunications Americas$nTelecommunications
=SRC  \\$aSRI01$bbibmp25.200404.2.aa
=SRC  \\$aDSS03$bbibsr.200404.2.aa
=TCO  \\$aTRS$bCCC$c008

