=LDR  01769 am a22005415a 4500
=001  007454761
=003  Uk
=005  20050517133357.0
=008  000918s2000\\\\enkabc\||\\\\\001\||eng\\
=015  \\$aGBA059834$2bnb
=019  y\$abA059834
=019  9\$a1858286360
=019  1\$a1858286360
=019  s\$aoans03273
=020  \\$a1858286360 :$c£17.99
=035  \\$a(WlAbNL)A12327155
=040  \\$aWlAbNL$dUk
=245  00$aWorld music.$nVolume 2,$pLatin and North America, Caribbean, India, Asia and Pacific /$cedited by Simon Broughton and Mark Ellingham ; with James McConnachie and Orla Duane.
=260  \\$aLondon :$bRough Guides,$c2000.
=300  \\$ax, 673 p. :$bill. , maps, ports. ;$c24 cm.
=336  \\$atext$2rdacontent
=337  \\$aunmediated$2rdamedia
=338  \\$avolume$2rdacarrier
=500  \\$aIncludes index.
=650  \0$aWorld music$vBio-bibliography.
=650  \0$aWorld music$xHistory and criticism.
=650  \0$aWorld music$vDiscography.
=700  1\$aBroughton, Simon.
=700  1\$aEllingham, Mark.
=710  2\$aRough Guides (Firm)
=852  11$aBritish Library$bHMNTS$cSPHOA$kHUS$h789.2003
=852  41$aBritish Library$bHMNTS
=CAT  \\$aCONV$b00$c20040425$lBLL90$h0831
=CAT  \\$aCONV$b00$c20040502$lBLL01$h1220
=CAT  \\$a8874$b40$c20050517$lBLL01$h1333
=CAT  \\$aBATCH$b00$c20091119$lBLL01$h0046
=FIN  \\$aY
=FMT  \\$a  BK
=LAS  \\$aBATCH$b00$c20091119$lBLL01$h0046
=LEO  \\$aMP5.0000416405
=LEO  \\$aMP5.0001838841
=LEO  \\$aMP13.0002383002
=LEO  \\$aMP37.0000016459
=LEO  \\$aMP37.0000016459.1
=SRC  \\$aSPH01$bbibmp37h.200404.2.aa
=SRC  \\$aBNB03$bbibmp5.200404.2.aa
=SRC  \\$aBNB03$bbibmp5.200404.2.ad
=SRC  \\$aHSS01$bbibmp13.200404.2.ae

