=LDR  01666 as a2200469ui 4500
=001  007519801
=003  Uk
=005  20201124182206.0
=008  750903d19742002sw\ar\p|||r\\||\\\||mul\\
=019  0\$as146177002
=040  \\$aUk$cUk
=041  0\$aswe$ager$afre$aeng$aspa
=082  04$a338.74025485$221
=084  \\$aAA 654(SWE)$2blsrissc
=245  00$aKompass Sverige.$pRegister of Swedish industry and commerce.
=260  \\$aSollentuna,$c1974-2002.
=300  \\$c31cm.
=310  \\$aAnnual
=336  \\$atext$2rdacontent
=337  \\$aunmediated$2rdamedia
=338  \\$avolume$2rdacarrier
=580  \\$aContinued by: Kompass Sweden.
=690  7\$aManagement and Business Studies$2blcoll
=740  0\$aKompass Sweden.
=852  41$aBritish Library$bHMNTS
=852  71$aBritish Library$bSTI$k(B)$hAA 654$m(SWE) Business$2blsrissc$31974-2002; 1974 - 2002.***Current issue
=852  71$aBritish Library$bSTI$cRES$k(XP)$hAA 654$m(SWE) -S(5)$2blsrissc$31974-2002; 1974 - 2002.***Earlier issues
=985  \\$aUpgraded by BSS-generated file for WR2011-1473
=CAT  \\$aCONV$b00$c20040425$lBLL90$h0852
=CAT  \\$aCONV$b00$c20040502$lBLL01$h1222
=CAT  \\$aglobal_upd$b40$c20060417$lBLL01$h1610
=CAT  \\$aBATCH$b00$c20090520$lBLL01$h0118
=CAT  \\$aBATCH$b00$c20091207$lBLL01$h0455
=CAT  \\$aBATCH$b00$c20091214$lBLL01$h0259
=CAT  \\$aW2011-1473$b00$c20201124$lBLL01$h1822
=FIN  \\$aY
=FMT  \\$a  SE
=LAS  \\$aW2011-1473$b00$c20201124$lBLL01$h1822
=LEO  \\$aMP25.0000047161
=SRC  \\$aSRI01$bbibmp25.200404.2.aa
=SSD  \\$a50300{dollar}aContinued by: Kompass Sweden; 74500{dollar}aKompass Sweden
=TCO  \\$aXXX$c008

