=LDR  01656 am a2200457ui 4500
=001  007523243
=003  Uk
=005  20201124182209.0
=008  770504s1976\\\\au\\\\\||\\\\|1|0\||mul\\
=019  0\$as150634005
=020  \\$a9200202764
=040  \\$aUk$cUk
=041  0\$aeng$bfre$brus
=084  \\$aPW 88$2blsrissc
=245  00$aManagement of radioactive wastes from the nuclear fuel cycle :$bproceedings of a symposium on the management... jointly organized by the International Atomic Energy Agency and the OECD Nuclear Energy Agency and held in Vienna, 22-26 March 1976.
=260  \\$aVienna :$bIAEA,$c1976.
=300  \\$a2v ;$c24cm.
=336  \\$atext$2rdacontent
=337  \\$aunmediated$2rdamedia
=338  \\$avolume$2rdacarrier
=490  0\$aProceedings series
=710  2\$aInternational Atomic Energy Agency.
=710  2\$aOECD Nuclear Energy Agency.
=852  4\$aBritish Library$bDSC
=852  71$aBritish Library$bSTI$cRES$k(B)$hPW 88$2blsrissc
=985  \\$aUpgraded by BSS-generated file for WR2011-1473
=CAT  \\$aCONV$b00$c20040425$lBLL90$h0852
=CAT  \\$aCONV$b00$c20040502$lBLL01$h1222
=CAT  \\$aglobal_upd$b40$c20060417$lBLL01$h1611
=CAT  \\$aUCB-HOL$b00$c20070916$lBLL01$h1641
=CAT  \\$aBATCH$b00$c20070916$lBLL01$h2006
=CAT  \\$aBATCH$b00$c20071128$lBLL01$h0114
=CAT  \\$aBATCH$b00$c20091207$lBLL01$h0456
=CAT  \\$aBATCH$b00$c20091214$lBLL01$h0300
=CAT  \\$aW2011-1473$b00$c20201124$lBLL01$h1822
=FIN  \\$aY
=FMT  \\$a  BK
=LAS  \\$aW2011-1473$b00$c20201124$lBLL01$h1822
=LEO  \\$aMP25.0000051599
=SRC  \\$aSRI01$bbibmp25.200404.2.aa
=SRC  \\$aUCB 2007

