=LDR  06628cas a22012617a 4500
=001  007528360
=003  Uk
=005  20211231171141.0
=007  ta
=008  790424d19761981xxuer\p|||\\\|0\\\a0eng\\
=019  0\$as157589005
=022  0\$a0364-5517
=040  \\$aUk$cUk$dUk
=084  \\$aMB 00$2blsrissc
=245  04$aThe Seybold report.
=260  \\$aMedia, Pa :$bSeybold Publications,$c1976-1981.
=300  \\$c28cm.
=310  \\$aFortnightly
=336  \\$atext$2rdacontent
=337  \\$aunmediated$2rdamedia
=338  \\$avolume$2rdacarrier
=540  \\$aCurrent Copyright Fee: GBP5.84$c0$5Uk
=595  \\$acontd as 8254.494 vol. 11(9), 1982-
=785  00$tThe Seybold report on publishing systems$x0736-7260
=852  49$aBritish Library$bDSC$3See shelfmark 8254.490000 for Vol. 3 (1973)-Vol. 11, No. 8 (1981), [NS:] Vol. (2001)-***Latest issues held for 6 months.
=852  71$aBritish Library$bSTI$k(P)$hMB 00$m-E(11)$2blsrissc$31976-1981; Vol.6 - vol.11, no.8.
=ACF  \\$aPrevious Copyright Fee: GBP4.80$c0$e01-apr-2011$fGBP4.80$g0$hC$5Uk
=ACF  \\$aPrevious Copyright Fee: GBP4.80$c0$e01-jan-2011$fGBP4.80$g0$hC$5Uk
=ACF  \\$aPrevious Copyright Fee: GBP4.80$c0$e01-oct-2010$fGBP4.80$g0$hC$5Uk
=ACF  \\$aPrevious Copyright Fee: GBP4.80$c0$e01-jul-2010$fGBP4.80$g0$hC$5Uk
=ACF  \\$aPrevious Copyright Fee: GBP4.80$c0$e01-apr-2010$fGBP4.80$g0$hC$5Uk
=ACF  \\$aPrevious Copyright Fee: GBP4.80$c0$e01-Jan-2010$fGBP4.80$g0$hC$5Uk
=ACF  \\$aPrevious Copyright Fee: GBP4.80$c0$e01-oct-2009$fGBP4.80$g0$hC$5Uk
=ACF  \\$aPrevious Copyright Fee: GBP5.71$c0$e01-jul-2009$fGBP5.71$g0$hC$5Uk
=ACF  \\$aPrevious Copyright Fee: GBP5.71$c0$e01-apr-2009$fGBP5.71$g0$hC$5Uk
=ACF  \\$aPrevious Copyright Fee: GBP5.00$c0$e01-jan-2009$fGBP5.00$g0$hC$5Uk
=ACF  \\$aPrevious Copyright Fee: GBP4.00$c0$e01-oct-2008$fGBP4.00$g0$hC$5Uk
=ACF  \\$aPrevious Copyright Fee: GBP4.00$c0$e01-jul-2008$fGBP4.00$g0$hC$5Uk
=ACF  \\$aPrevious Copyright Fee: GBP4.00$c0$e01-apr-2008$fGBP4.00$g0$hC$5Uk
=ACF  \\$aPrevious Copyright Fee: GBP4.00$c0$e01-jan-2008$fGBP4.00$g0$hC$5Uk
=ACF  \\$aPrevious Copyright Fee: GBP4.00$c0$e01-oct-2007$fGBP4.00$g0$hC$5Uk
=ACF  \\$aPrevious Copyright Fee: GBP4.00$c0$e01-jul-2007$fGBP4.00$g0$hC$5Uk
=ACF  \\$aPrevious Copyright Fee: GBP4.10$c0$e01-apr-2007$fGBP4.10$g0$hC$5Uk
=ACF  \\$aPrevious Copyright Fee: GBP4.32$c0$e01-jan-2007$fGBP4.32$g0$hC$5Uk
=ACF  \\$aPrevious Copyright Fee: GBP4.32$c0$e01-oct-2006$fGBP4.32$g0$hC$5Uk
=ACF  \\$aPrevious Copyright Fee: GBP4.57$c0$e01-jul-2006$fGBP4.57$g0$hC$5Uk
=ACF  \\$aPrevious Copyright Fee: GBP4.57$c0$e01-apr-2006$fGBP4.57$g0$hC$5Uk
=ACF  \\$aPrevious Copyright Fee: GBP4.44$c0$e01-jan-2006$fGBP4.44$g0$hC$5Uk
=ACF  \\$aPrevious Copyright Fee: GBP4.32$c0$e01-oct-2005$fGBP4.32$g0$hC$5Uk
=ACF  \\$aPrevious Copyright Fee: GBP4.32$c0$e01-jul-2005$fGBP4.32$g0$hC$5Uk
=ACF  \\$aPrevious Copyright Fee: GBP4.32$c0$e01-apr-2005$fGBP4.32$g0$hC$5Uk
=ACF  \\$aPrevious Copyright Fee: GBP4.44$c0$e01-jan-2005$fGBP4.44$g0$hC$5Uk
=ACF  \\$aPrevious Copyright Fee: GBP4.32$c0$e01-oct-2004$fGBP4.32$g0$hC$5Uk
=ACF  \\$aPrevious Copyright Fee: GBP4.80$c0$e01-jul-2011$fGBP4.80$g0$hC$5Uk
=ACF  \\$aPrevious Copyright Fee: GBP4.80$c0$e01-oct-2011$fGBP4.80$g0$hC$5Uk
=ACF  \\$aBritish Library not licensed to copy$c0$e01-jan-2013$hC$iCFP Excluded$5Uk
=ACF  \\$aPrevious Copyright Fee: GBP4.80$c0$e01-oct-2013$fGBP4.80$g0$hC$5Uk
=ACF  \\$aPrevious Copyright Fee: GBP5.00$c0$e01-jan-2014$fGBP5.00$g0$hC$5Uk
=ACF  \\$aPrevious Copyright Fee: GBP4.85$c0$e01-jul-2014$fGBP4.85$g0$hC$5Uk
=ACF  \\$aPrevious Copyright Fee: GBP5.33$c0$e01-apr-2015$fGBP5.33$g0$hC$5Uk
=ACF  \\$aPrevious Copyright Fee: GBP5.16$c0$e01-oct-2015$fGBP5.16$g0$hC$5Uk
=ACF  \\$aPrevious Copyright Fee: GBP5.52$c0$e01-apr-2016$fGBP5.52$g0$hC$5Uk
=ACF  \\$aPrevious Copyright Fee: GBP5.93$c0$e01-oct-2016$fGBP5.93$g0$hC$5Uk
=ACF  \\$aPrevious Copyright Fee: GBP6.40$c0$e01-apr-2017$fGBP6.40$g0$hC$5Uk
=ACF  \\$aPrevious Copyright Fee: GBP6.08$c0$e01-oct-2017$fGBP6.08$g0$hC$5Uk
=ACF  \\$aPrevious Copyright Fee: GBP6.15$c0$e01-jan-2018$fGBP6.15$g0$hC$5Uk
=ACF  \\$aPrevious Copyright Fee: GBP5.71$c0$e01-apr-2018$fGBP5.71$g0$hC$5Uk
=ACF  \\$aPrevious Copyright Fee: GBP6.15$c0$e01-oct-2018$fGBP6.15$g0$hC$5Uk
=ACF  \\$aPrevious Copyright Fee: GBP6.40$c0$e01-oct-2019$fGBP6.40$g0$hC$5Uk
=ACF  \\$aPrevious Copyright Fee: GBP6.15$c0$e01-apr-2020$fGBP6.15$g0$hC$5Uk
=ACF  \\$aPrevious Copyright Fee: GBP6.40$c0$e01-jul-2020$fGBP6.40$g0$hC$5Uk
=ACF  \\$aPrevious Copyright Fee: GBP5.92$c0$e01-apr-2021$fGBP5.92$g0$hC$5Uk
=ACF  \\$aPrevious Copyright Fee: GBP5.76$c0$e01-jul-2021$fGBP5.76$g0$hC$5Uk
=CAT  \\$aCONV$b00$c20040425$lBLL90$h0852
=CAT  \\$aIPL-CLA$c20160930$lBLL01$h1543
=CAT  \\$aBATCH-CLA$b00$c20170228$lBLL01$h1632
=CAT  \\$aIPL-CLA$c20170331$lBLL01$h1827
=CAT  \\$aBATCH-CLA$b00$c20170831$lBLL01$h1633
=CAT  \\$aIPL-CLA$c20170929$lBLL01$h1709
=CAT  \\$aBATCH-CLA$b00$c20171130$lBLL01$h1715
=CAT  \\$aIPL-CLA$c20171231$lBLL01$h1345
=CAT  \\$aBATCH-CLA$b00$c20180228$lBLL01$h1647
=CAT  \\$aIPL-CLA$c20180331$lBLL01$h1557
=CAT  \\$aBATCH-CLA$b00$c20180831$lBLL01$h1629
=CAT  \\$aIPL-CLA$c20180930$lBLL01$h1451
=CAT  \\$aBATCH-CLA$b00$c20190909$lBLL01$h1720
=CAT  \\$aIPL-CLA$c20190930$lBLL01$h1627
=CAT  \\$aBATCH-CLA$b00$c20200228$lBLL01$h1638
=CAT  \\$aIPL-CLA$c20200331$lBLL01$h1603
=CAT  \\$aBATCH-CLA$b00$c20200529$lBLL01$h1538
=CAT  \\$aIPL-CLA$c20200701$lBLL01$h0044
=CAT  \\$aBATCH-CLA$b00$c20210227$lBLL01$h1016
=CAT  \\$aIPL-CLA$c20210331$lBLL01$h1833
=CAT  \\$aBATCH-CLA$b00$c20210528$lBLL01$h1529
=CAT  \\$aIPL-CLA$c20210704$lBLL01$h1112
=CAT  \\$aBATCH-CLA$b00$c20210917$lBLL01$h1607
=CAT  \\$aIPL-CLA$c20210930$lBLL01$h1644
=CAT  \\$aBATCH-CLA$b00$c20211203$lBLL01$h0820
=CAT  \\$aIPL-CLA$c20211231$lBLL01$h1711
=CFI  0\$aCurrent Copyright Fee: GBP5.84$c0$e01-jan-2022$fGBP5.84$g0$hC$5Uk
=CFI  2\$aPrevious Copyright Fee: GBP5.68$c0$e01-oct-2021$fGBP5.68$g0$hC$5Uk
=FIN  \\$aY
=FMT  \\$a  SE
=LAS  \\$aIPL-CLA$b00$c20211231$lBLL01$h1711
=LEO  \\$aMP25.0000058658
=LKR  \\$aPAR$b009874009$lBLL01$r78500$mThe Seybold report.$nSEYBOLD REPORT ON PUBLISHING SYSTEMS.
=SRC  \\$aSRI01$bbibmp25.200404.2.aa
=TCO  \\$aTRS$bCCC$c008

