=LDR  01861 as a22005297a 4500
=001  007528993
=003  Uk
=005  20070711093147.0
=007  ta
=008  791120d19741980xxumr\p|||\\\|0\\\a0eng\\
=019  0\$as158440005
=022  0\$a0097-8388
=040  \\$aUk$cUk$dUk
=082  04$a669.1$221
=084  \\$aND 05$2blsrissc
=245  00$aI and SM :$bIron and steelmaker.
=246  3\$aIron and steelmaker
=260  \\$aNew York :$bIron and Steel Society of AIME,$c1974-1980.
=300  \\$c29cm.
=310  \\$aMonthly
=336  \\$atext$2rdacontent
=337  \\$aunmediated$2rdamedia
=338  \\$avolume$2rdacarrier
=540  \\$aBritish Library not licensed to copy$c0$5Uk
=710  2\$aIron and Steel Society of AIME.
=785  00$tIron & steelmaker$x0275-8687
=852  71$aBritish Library$bSTI$k(P)$hND 05$m-E(35)$2blsrissc$31978-1980 ; Vol.5-7
=852  49$aBritish Library$bDSC$3See shelfmark 4580.406100 for vol. 3, 1976- 30, 2003 *A=1
=CAT  \\$aCONV$b00$c20040425$lBLL90$h0852
=CAT  \\$aCONV$b00$c20040502$lBLL01$h1222
=CAT  \\$aglobal_upd$b40$c20060417$lBLL01$h1613
=CAT  \\$a8201$b40$c20070711$lBLL01$h0931
=CAT  \\$aBATCH$b00$c20091207$lBLL01$h0458
=CAT  \\$aBATCH$b00$c20091214$lBLL01$h0302
=CAT  \\$aBATCH-CLA$b00$c20121130$lBLL01$h1236
=CAT  \\$aIPL-CLA$c20121231$lBLL01$h1243
=CAT  \\$aIPL-CLA$c20130102$lBLL01$h1645
=CAT  \\$aBATCH-CLA$b00$c20131129$lBLL01$h1652
=CAT  \\$aIPL-CLA$c20131231$lBLL01$h1849
=CFI  0\$aBritish Library not licensed to copy$c0$e01-jan-2014$hC$iCFP Excluded$5Uk
=CFI  2\$aBritish Library not licensed to copy$c0$e01-jan-2013$hC$iCFP Excluded$5Uk
=FIN  \\$aY
=FMT  \\$a  SE
=LAS  \\$aIPL-CLA$b00$c20131231$lBLL01$h1849
=LEO  \\$aMP25.0000059600
=SRC  \\$aSRI01$bbibmp25.200404.2.aa
=TCO  \\$aTRS$bCCC$c008

