=LDR  06429 as a2201225 a 4500
=001  007529272
=003  Uk
=005  20070904122655.0
=007  ta
=008  860415d19851988xxubr\p|||\\\|0\\\a0eng\\
=019  0\$as537121005
=022  0\$a0883-0444
=040  \\$aUk$cUk$dUk
=082  04$a617.71$221
=084  \\$aGY 79$2blsrissc
=210  0\$aJ. refract. surg.
=222  \0$aJournal of refractive surgery
=245  00$aJournal of refractive surgery.
=260  \\$aThorofare, N.J. :$bSLACK Inc,$c1985-1988.
=300  \\$a4 v. :$bill. ;$c28 cm.
=310  \\$aBimonthly
=336  \\$atext$2rdacontent
=337  \\$aunmediated$2rdamedia
=338  \\$avolume$2rdacarrier
=362  0\$aVol. 1, no. 1 (Mar./Apr. 1985)-v. 4, no. 6 (Dec. 1988)
=500  \\$aJournal of the International Society of Refractive Keratoplasty (from 1995, the International Society of Refractive Surgery) and other bodies.
=540  \\$aBritish Library not licensed to copy$c0$5Uk
=580  \\$aVol.5, 1989-vol.10, no.1, 1994 entitled "Refractive and corneal surgery", q.v. and vol.10, no.2-6, 1994 entitled "Journal of refractive and corneal surgery", q.v.
=650  \0$aRefractive keratoplasty$vPeriodicals.
=710  2\$aInternational Society of Refractive Keratoplasty.
=710  2\$aInternational Society of Refractive Surgery.
=785  00$tRefractive & corneal surgery$x1042-962X
=852  49$aBritish Library$bDSC$3See shelfmark 5048.290000 for Vol. 1, No. 4 (1985), Vol. 3, 1987-Vol. 4 (1988)
=852  71$aBritish Library$bSTI$k(P)$hGY 79$m-E(5)$2blsrissc$31985-1988 ; Vol.1, no.4 - vol.4; Deficient: vol.1, no.5-6; vol.2, no.1-2; vol.4, no.2, 4
=ACF  \\$aPrevious Copyright Fee: GBP3.60$c0$e01-jan-2012$fGBP3.60$g0$hC$5Uk
=ACF  \\$aPrevious Copyright Fee: GBP3.60$c0$e01-oct-2011$fGBP3.60$g0$hC$5Uk
=ACF  \\$aPrevious Copyright Fee: GBP3.60$c0$e01-jul-2011$fGBP3.60$g0$hC$5Uk
=ACF  \\$aPrevious Copyright Fee: GBP3.60$c0$e01-apr-2011$fGBP3.60$g0$hC$5Uk
=ACF  \\$aPrevious Copyright Fee: GBP3.60$c0$e01-jan-2011$fGBP3.60$g0$hC$5Uk
=ACF  \\$aPrevious Copyright Fee: GBP3.60$c0$e01-oct-2010$fGBP3.60$g0$hC$5Uk
=ACF  \\$aPrevious Copyright Fee: GBP3.60$c0$e01-jul-2010$fGBP3.60$g0$hC$5Uk
=ACF  \\$aPrevious Copyright Fee: GBP3.60$c0$e01-apr-2010$fGBP3.60$g0$hC$5Uk
=ACF  \\$aPrevious Copyright Fee: GBP3.60$c0$e01-Jan-2010$fGBP3.60$g0$hC$5Uk
=ACF  \\$aPrevious Copyright Fee: GBP3.60$c0$e01-oct-2009$fGBP3.60$g0$hC$5Uk
=ACF  \\$aPrevious Copyright Fee: GBP4.29$c0$e01-jul-2009$fGBP4.29$g0$hC$5Uk
=ACF  \\$aPrevious Copyright Fee: GBP4.29$c0$e01-apr-2009$fGBP4.29$g0$hC$5Uk
=ACF  \\$aPrevious Copyright Fee: GBP3.75$c0$e01-jan-2009$fGBP3.75$g0$hC$5Uk
=ACF  \\$aPrevious Copyright Fee: GBP3.00$c0$e01-oct-2008$fGBP3.00$g0$hC$5Uk
=ACF  \\$aPrevious Copyright Fee: GBP3.00$c0$e01-jul-2008$fGBP3.00$g0$hC$5Uk
=ACF  \\$aPrevious Copyright Fee: GBP3.00$c0$e01-apr-2008$fGBP3.00$g0$hC$5Uk
=ACF  \\$aPrevious Copyright Fee: GBP3.00$c0$e01-jan-2008$fGBP3.00$g0$hC$5Uk
=ACF  \\$aPrevious Copyright Fee: GBP3.00$c0$e01-oct-2007$fGBP3.00$g0$hC$5Uk
=ACF  \\$aPrevious Copyright Fee: GBP3.00$c0$e01-jul-2007$fGBP3.00$g0$hC$5Uk
=ACF  \\$aPrevious Copyright Fee: GBP3.08$c0$e01-apr-2007$fGBP3.08$g0$hC$5Uk
=ACF  \\$aPrevious Copyright Fee: GBP10.81$c0$e01-jan-2007$fGBP10.81$g0$hC$5Uk
=ACF  \\$aPrevious Copyright Fee: GBP10.81$c0$e01-oct-2006$fGBP10.81$g0$hC$5Uk
=ACF  \\$aPrevious Copyright Fee: GBP11.43$c0$e01-jul-2006$fGBP11.43$g0$hC$5Uk
=ACF  \\$aPrevious Copyright Fee: GBP11.43$c0$e01-apr-2006$fGBP11.43$g0$hC$5Uk
=ACF  \\$aPrevious Copyright Fee: GBP11.11$c0$e01-jan-2006$fGBP11.11$g0$hC$5Uk
=ACF  \\$aPrevious Copyright Fee: GBP10.81$c0$e01-oct-2005$fGBP10.81$g0$hC$5Uk
=ACF  \\$aPrevious Copyright Fee: GBP10.81$c0$e01-jul-2005$fGBP10.81$g0$hC$5Uk
=ACF  \\$aPrevious Copyright Fee: GBP10.81$c0$e01-apr-2005$fGBP10.81$g0$hC$5Uk
=ACF  \\$aPrevious Copyright Fee: GBP11.11$c0$e01-jan-2005$fGBP11.11$g0$hC$5Uk
=ACF  \\$aPrevious Copyright Fee: GBP10.81$c0$e01-oct-2004$fGBP10.81$g0$hC$5Uk
=ACF  \\$aPrevious Copyright Fee: GBP3.87$c0$e01-apr-2012$fGBP3.87$g0$hC$5Uk
=ACF  \\$aPrevious Copyright Fee: GBP3.64$c0$e01-jul-2012$fGBP3.64$g0$hC$5Uk
=ACF  \\$aBritish Library not licensed to copy$c0$e01-jan-2013$hC$iCFP Excluded$5Uk
=ACF  \\$aBritish Library not licensed to copy$c0$e01-apr-2013$hC$iCFP Excluded$5Uk
=ACF  \\$aBritish Library not licensed to copy$c0$e01-jul-2013$hC$iCFP Excluded$5Uk
=ACF  \\$aBritish Library not licensed to copy$c0$e01-oct-2013$hC$iCFP Excluded$5Uk
=ACF  \\$aBritish Library not licensed to copy$c0$e01-jan-2014$hC$iCFP Excluded$5Uk
=CAT  \\$aCONV$b00$c20040425$lBLL90$h0856
=CAT  \\$aBATCH-CLA$b00$c20110831$lBLL01$h1811
=CAT  \\$aIPL-CLA$c20110930$lBLL01$h1507
=CAT  \\$aBATCH-CLA$b00$c20111130$lBLL01$h1216
=CAT  \\$aIPL-CLA$c20111230$lBLL01$h1703
=CAT  \\$aBATCH-CLA$b00$c20120229$lBLL01$h1633
=CAT  \\$aIPL-CLA$c20120330$lBLL01$h1353
=CAT  \\$aBATCH-CLA$b00$c20120531$lBLL01$h1708
=CAT  \\$aIPL-CLA$c20120629$lBLL01$h0949
=CAT  \\$aBATCH-CLA$b00$c20121103$lBLL01$h1024
=CAT  \\$aBATCH-CLA$b00$c20121130$lBLL01$h1239
=CAT  \\$aIPL-CLA$c20121231$lBLL01$h1243
=CAT  \\$aIPL-CLA$c20130102$lBLL01$h1645
=CAT  \\$aBATCH-CLA$b00$c20130228$lBLL01$h1710
=CAT  \\$aIPL-CLA$c20130331$lBLL01$h1041
=CAT  \\$a540_fix$c20130403$lBLL01$h2003
=CAT  \\$aBATCH-CLA$b00$c20130531$lBLL01$h1643
=CAT  \\$aIPL-CLA$c20130630$lBLL01$h2358
=CAT  \\$aBATCH-CLA$b00$c20130830$lBLL01$h1627
=CAT  \\$aIPL-CLA$c20130930$lBLL01$h1719
=CAT  \\$aBATCH-CLA$b00$c20131129$lBLL01$h1655
=CAT  \\$aIPL-CLA$c20131231$lBLL01$h1849
=CAT  \\$aBATCH-CLA$b00$c20140228$lBLL01$h1615
=CAT  \\$aIPL-CLA$c20140331$lBLL01$h1616
=CAT  \\$aBATCH-CLA$b00$c20140530$lBLL01$h1711
=CAT  \\$aIPL-CLA$c20140630$lBLL01$h1656
=CFI  0\$aBritish Library not licensed to copy$c0$e01-jul-2014$hC$iCFP Excluded$5Uk
=CFI  2\$aBritish Library not licensed to copy$c0$e01-apr-2014$hC$iCFP Excluded$5Uk
=FIN  \\$aY
=FMT  \\$a  SE
=LAS  \\$aIPL-CLA$b00$c20140630$lBLL01$h1656
=LEO  \\$aMP25.0000228534
=SRC  \\$aSRI01$bbibmp25.200404.2.aa
=TCO  \\$aTRS$bCCC$c008

