=LDR  01512 am a2200493ua 4500
=001  007537834
=003  Uk
=005  20091119012100.0
=008  880329|1988\\\\xxu\\\\\|\\\\\001\|\eng\\
=010  \\$a87005397
=019  0\$as550808000
=019  u\$aG11337388
=020  \\$a0871501236
=040  \\$aUk$cUk
=050  00$aQA278
=082  0\$a519.5/35$219
=084  \\$aPF 86$2blsrissc
=100  1\$aKleinbaum, David G.
=245  10$aApplied regression analysis and other multivariable methods /$cDavid G. Kleinbaum, Lawrence L. Kupper, Keith E. Muller.
=250  \\$a2nd ed.
=260  \\$aBoston, Mass :$bPWS-Kent Publishing,$c1988.
=300  \\$a718p. ;$c25cm.
=336  \\$atext$2rdacontent
=337  \\$aunmediated$2rdamedia
=338  \\$avolume$2rdacarrier
=504  \\$aIncludes bibliographies and index.
=597  \\$aDLC$b87005397
=650  \0$aMultivariate analysis.
=650  \0$aRegression analysis.
=700  1\$aKupper, Lawrence L.
=700  1\$aMuller, Keith E.
=852  71$aBritish Library$bSTI$cRES$k(B)$hPF 86$2blsrissc
=852  41$aBritish Library$bDSC
=CAT  \\$aCONV$b00$c20040425$lBLL90$h0856
=CAT  \\$aCONV$b00$c20040502$lBLL01$h1223
=CAT  \\$aglobal_upd$b40$c20060417$lBLL01$h0412
=CAT  \\$aBATCH$b00$c20091119$lBLL01$h0121
=FIN  \\$aY
=FMT  \\$a  BK
=LAS  \\$aBATCH$b00$c20091119$lBLL01$h0121
=LEO  \\$aMP25.0000241848
=LEO  \\$aMP34.0000475842
=SRC  \\$aSRI01$bbibmp25.200404.2.aa
=SRC  \\$aUCB01$bbibmp34.200404.2.aa

