=LDR  01489 am a2200457ua 4500
=001  007541291
=003  Uk
=005  20040629114912.0
=008  881115|1988\\\\enk\\\\||\\\\||||\||eng\\
=016  7\$a007541291$2Uk
=019  0\$as555705005
=020  \\$a0863411398
=020  \\$a0863411371
=040  \\$aUk$cUk
=084  \\$aPL 40$2blsrissc
=245  00$aIndustrial digital control systems /$cedited by K. Warwick and D. Rees.
=250  \\$aComprehensively rev. ed.
=260  \\$aLondon :$bPeregrinus,$c1988.
=300  \\$a523p. ;$c24cm.
=336  \\$atext$2rdacontent
=337  \\$aunmediated$2rdamedia
=338  \\$avolume$2rdacarrier
=490  1\$aIEE control engineering series ;$v37
=700  1\$aWarwick, Kevin,$d1954-
=700  1\$aRees, D.
=810  2\$aInstitution of Electrical Engineers.$tIEE control engineering series ;$v37.
=852  11$aBritish Library$bSTI
=852  71$aBritish Library$bSTI$cRES$k(B)$hPL 40$2blsrissc
=CAT  \\$aCONV$b00$c20040425$lBLL90$h0856
=CAT  \\$aCONV$b00$c20040502$lBLL01$h1223
=CAT  \\$a10775$b40$c20040629$lBLL01$h1149
=CAT  \\$aBATCH-UPD$b40$c20060831$lBLL01$h1703
=CAT  \\$aBATCH$b00$c20091119$lBLL01$h0122
=CAT  \\$aWR16_021$c20160609$lBLL01$h1946
=CAT  \\$aBATCH-UPD$b00$c20160609$lBLL01$h2041
=CAT  \\$a5194$b40$c20161027$lBLL01$h0830
=FIN  \\$aY
=FMT  \\$a  BK
=LAS  \\$a5194$b40$c20161027$lBLL01$h0830
=LEO  \\$aMP25.0000246566
=SRC  \\$aSRI01$bbibmp25.200404.2.aa

