=LDR  01090 am a22003133u 4500
=001  007611473
=003  Uk
=005  20200417180213.0
=008  040421s2002\\\\||||||||||||||||||||eng\\
=020  \\$z0172308830
=100  1\$aDale, P. (ed.)
=245  10$aGuide to libraries and information units: in government departments and other organisations
=250  \\$a34th ed
=260  \\$aLondon$bBritish Library Science Technology and Business$c2002
=336  \\$atext$2rdacontent
=337  \\$aunmediated$2rdamedia
=338  \\$avolume$2rdacarrier
=852  11$aBritish Library$bHMNTS$cSPHOA$kHUR$h027.041
=852  11$aBritish Library$bHMNTS$cSPHOA$kHUR Tel point$h027.041
=852  41$aBritish Library$bSTI
=957  \\$r03/03/2004
=985  \\$aUpgraded by BSS-generated file for WR1910-0531
=CAT  \\$aCONV$b00$c20040425$lBLL90$h0916
=CAT  \\$aCONV$b00$c20040502$lBLL01$h1224
=CAT  \\$aBATCH$b00$c20091208$lBLL01$h0202
=CAT  \\$aW1910-0531$b00$c20200417$lBLL01$h1802
=FMT  \\$a  BK
=LAS  \\$aW1910-0531$b00$c20200417$lBLL01$h1802
=SRC  \\$aMOP02$bbibm2.200404.2.aa

