=LDR  04296cas a2201105 a 4500
=001  007691510
=003  Uk
=005  20221231183159.0
=006  aab\\|||||||||||||
=007  ta
=008  031126c20039999enka|2p|||\\\||\\\a0eng\\
=015  \\$aGBA379601$2bnb
=019  y\$abA379601
=019  9\$abA379601
=019  c\$a3018832
=019  0\$as691043000
=022  0\$a1740-3871$202
=039  0\$a2767
=040  \\$aUk$cUk
=082  04$a332.6323305$221
=084  \\$aAL 46$2blsrissc
=222  \0$aGlobal municipal investor
=245  00$aGlobal municipal investor.
=246  03$aGMI
=260  \\$aLeicester (Tudor House, 6 Friar Lane, Leicester, LE1 5RA) :$bTudor Rose,$c2003-
=300  \\$av. :$bcol. ill., col. maps ;$c30 cm.
=336  \\$atext$2rdacontent
=337  \\$aunmediated$2rdamedia
=338  \\$avolume$2rdacarrier
=362  0\$aNo. 1-
=500  \\$aRunning title: GMI.
=540  \\$aCurrent Copyright Fee: GBP25.00$c0$5Uk
=597  \\$aEnhanced$bSRIS DDC
=650  \0$aInvestment analysis$vPeriodicals.
=650  \0$aInvestments, Foreign$zGreat Britain$vPeriodicals.
=650  \0$aMunicipal bonds$vPeriodicals.
=690  7\$aManagement and Business Studies$2blcoll
=852  41$aBritish Library$bSTI$3Issue 1 (2003)-
=852  71$aBritish Library$bSTI$k(B)$hAL 46$mBusiness$2blsrissc$3No. 1 (2003)***Current issue
=852  71$aBritish Library$bSTI$cRES$k(XP)$hAL 46$m-E(95)$2blsrissc$3No. 1 (2003)-***Earlier issues
=886  2\$2blmarc$a092$b00$a4195.470500n
=945  \\$aGLOBAL MUNICIPAL INVESTOR.
=957  \\$a030826c
=979  \\$aBritish Library$bDSC$j4195.470500N
=A02  \\$a3018832
=ACF  \\$aPrevious copyright fee: GBP9.00$c0$e01-apr-2010$fGBP9.00$g0$hA$5Uk
=ACF  \\$aPrevious copyright fee: GBP6.00$c0$e01-apr-2008$fGBP6.00$g0$hA$5Uk
=ACF  \\$aPrevious copyright fee: GBP5.00$c0$e24-sep-2003$fGBP5.00$g0$hA$5Uk
=ACF  \\$aPrevious copyright fee: GBP10.50$c0$e01-jan-2011$fGBP10.50$g0$hA$5Uk
=ACF  \\$aPrevious copyright fee: GBP12.00$c0$e01-jan-2012$fGBP12.00$g0$hA$5Uk
=ACF  \\$aPrevious Copyright Fee: GBP12.30$c0$e01-jan-2014$fGBP12.30$g0$hA$5Uk
=ACF  \\$aPrevious Copyright Fee: GBP15.00$c0$e01-jan-2017$fGBP15.00$g0$hA$5Uk
=ACF  \\$aPrevious Copyright Fee: GBP17.50$c0$e01-jan-2018$fGBP17.50$g0$hA$5Uk
=ACF  \\$aPrevious Copyright Fee: GBP20.00$c0$e01-jan-2020$fGBP20.00$g0$hA$5Uk
=CAT  \\$aWR09-126
=CAT  \\$aBATCH-UPD$b00$c20100225$lBLL01$h2301
=CAT  \\$aBATCH-UPD$b00$c20100331$lBLL01$h2048
=CAT  \\$aBATCH-UPD$b00$c20100401$lBLL01$h0029
=CAT  \\$aBATCH$b00$c20100401$lBLL01$h0339
=CAT  \\$aBATCH$b00$c20100401$lBLL01$h1340
=CAT  \\$aBATCH-UPD$b00$c20101124$lBLL01$h1730
=CAT  \\$aBATCH-UPD$b00$c20101125$lBLL01$h0954
=CAT  \\$aIPL-CLA$c20101231$lBLL01$h1200
=CAT  \\$aWR11_203$c20111204$lBLL01$h1256
=CAT  \\$aIPL-CLA$c20111230$lBLL01$h1704
=CAT  \\$aBATCH-CLA$b00$c20121103$lBLL01$h1024
=CAT  \\$aWR13.005$c20130323$lBLL01$h1515
=CAT  \\$aBATCH-CLA$c20131217$lBLL01$h0112
=CAT  \\$aIPL-CLA$c20131231$lBLL01$h1851
=CAT  \\$aWR14_140$c20140905$lBLL01$h1721
=CAT  \\$aBATCH-CLA$b00$c20161222$lBLL01$h1657
=CAT  \\$aIPL-CLA$c20161230$lBLL01$h1811
=CAT  \\$aBATCH-CLA$b00$c20171222$lBLL01$h1952
=CAT  \\$aIPL-CLA$c20171231$lBLL01$h1347
=CAT  \\$aBATCH-CLA$b00$c20191219$lBLL01$h1622
=CAT  \\$aIPL-CLA$c20191231$lBLL01$h1719
=CAT  \\$aBATCH-CLA$b00$c20201204$lBLL01$h1417
=CAT  \\$aIPL-CLA$c20201231$lBLL01$h1915
=CAT  \\$aBATCH-CLA$b00$c20221221$lBLL01$h1721
=CAT  \\$aIPL-CLA$c20221231$lBLL01$h1831
=CFI  0\$aCurrent Copyright Fee: GBP25.00$c0$e01-jan-2023$fGBP25.00$g0$hA$5Uk
=CFI  2\$aPrevious Copyright Fee: GBP22.50$c0$e01-jan-2021$fGBP22.50$g0$hA$5Uk
=FIN  \\$aY
=FMT  \\$a  SE
=LAS  \\$aIPL-CLA$b00$c20221231$lBLL01$h1831
=LEO  \\$aMP5.0000027343
=LEO  \\$aMP10.0000249906
=LEO  \\$aMP22.0000070879
=LEO  \\$aMP25.0000367899
=SRC  \\$aBNB03$bbibmp5.200404.2.aa
=SRC  \\$aDSS01$bbibmp10.200404.2.aa
=SRC  \\$aISN01$bbibmp22.200404.2.aa
=SRC  \\$aSRI01$bbibmp25.200404.2.aa
=SSD  \\$a25500{dollar}aNo. 1-; 74510{dollar}aGMI
=TCO  \\$aCLA$bCLA$c008

