=LDR  03384 am a2200817 a 4500
=001  007692921
=003  Uk
=005  20040714134309.0
=008  040202s2003\\\\enk\\\\||\\\\\000\||eng\\
=015  \\$aGBA410355$2bnb
=019  y\$abA410355
=019  9\$abA410355
=019  0\$as694015008
=019  g\$aadv5005440992
=019  a\$aG08058308
=020  \\$cNo price (pbk.)
=039  0\$a2779
=040  \\$aUk$cUk
=082  04$a616.834061$222
=100  1\$aBeard, Simon.
=245  10$aTreatments for spasticity and pain in multiple sclerosis :$ba systematic review /$cS. Beard, A. Hunn, J. Wight.
=260  \\$aTunbridge Wells :$bGray Pub. on behalf of NCCHTA,$c2003.
=300  \\$ax, 124 p. ;$c30 cm.
=336  \\$atext$2rdacontent
=337  \\$aunmediated$2rdamedia
=338  \\$avolume$2rdacarrier
=490  1\$aHealth technology assessment,$x1366-5278 ;$vv. 7, no. 40
=490  1\$aNHS R & D HTA programme
=504  \\$aIncludes bibliographical references.
=597  \\$aEnhanced$bSRIS DDC
=650  \0$aSpasticity$xTreatment$xEvaluation.
=650  \0$aPain$xTreatment$xEvaluation.
=650  \0$aMultiple sclerosis$xTreatment$xEvaluation.
=700  1\$aHunn, A.
=700  1\$aWight, J.
=710  2\$aNational Co-ordinating Centre for HTA (Great Britain)
=830  \0$aHealth technology assessment,$x1366-5278 ;$vv. 7, no. 40
=830  \0$aNHS R & D HTA programme
=852  41$aBritish Library$bDSC
=852  71$aBritish Library$bSTI$k(P)$hGP 00$m-E(315)$2blsrissc
=886  2\$2ukmarc$a900$b10$aBeard$hS.$kSimon$xSee$aBeard, Simon$z100
=886  2\$2ukmarc$a910$b20$aNHS National Co-ordinating Centre for Health Technology Assessment$xSee$aNational Co-ordinating Centre for HTA$x(Great Britain)$z710
=886  2\$2ukmarc$a910$b20$aNational Co-ordinating Centre for Health Technology Assessment$eGreat Britain$xSee$aNational Co-ordinating Centre for HTA$x(Great Britain)$z710
=886  2\$2ukmarc$a910$b20$aWessex Institute for Health Research and Development$cNational Co-ordinating Centre for HTA$eGreat Britain$xSee$aNational Co-ordinating Centre for HTA$x(Great Britain)$z710
=886  2\$2ukmarc$a910$b20$aNCCHTA$xSee$aNational Co-ordinating Centre for HTA$x(Great Britain)$z710
=886  2\$2ukmarc$a910$b20$aNational Coordinating Centre for Health Technology Assessment$xSee$aNational Co-ordinating Centre for HTA$x(Great Britain)$z710
=957  \\$a031215c
=957  \\$r21/1/04$tM/37265-21
=966  \\$uo$lSPACQ 25/03/2004
=985  \\$aMOPS migration error, edited by DQ team
=CAT  \\$aCONV$b00$c20040425$lBLL90$h0531
=CAT  \\$aCONV$b00$c20040502$lBLL01$h1229
=CAT  \\$a8456$b40$c20040714$lBLL01$h1343
=CAT  \\$aglobal_upd$b40$c20060417$lBLL01$h0451
=CAT  \\$aBATCH$b00$c20091119$lBLL01$h0124
=CAT  \\$aBATCH$b00$c20091208$lBLL01$h0213
=CAT  \\$aBATCH$b00$c20091214$lBLL01$h0309
=CAT  \\$aBATCH$b00$c20091216$lBLL01$h0050
=CAT  \\$aBATCH$b00$c20100103$lBLL01$h1147
=FIN  \\$aY
=FMT  \\$a  BK
=LAS  \\$aBATCH$b00$c20100103$lBLL01$h1147
=LDO  \\$aLDO$bpbk
=LEO  \\$aMP5.0000029362
=LEO  \\$aMP25.0000370665
=LEO  \\$aMP8.0001920852
=SRC  \\$aBNB03$bbibmp5.200404.2.aa
=SRC  \\$aSRI01$bbibmp25.200404.2.aa
=SRC  \\$aMOP01$bbibm1.200404.2.aa
=SRC  \\$aLDS01$bbiblm.200404.2.aa
=SRC  \\$aDSC01$bbibmp8.200404.2.ac

