=LDR  01817 am a2200553 a 4500
=001  007693637
=003  Uk
=005  20190307113556.0
=008  040225s2004\\\\enka\\\||\\\\\000\||eng\\
=015  \\$aGBA418307$2bnb
=019  y\$abA418307
=019  9\$abA418307
=020  \\$c£1,650.00 (spiral)
=039  0\$a2782
=040  \\$aUk$cUk
=082  04$a338.4764670941$222
=245  00$aVerdict on... how Britain shops for personal care 2004.
=260  \\$aLondon :$bVerdict,$c2004.
=300  \\$aiii, 88 leaves :$bcol. ill. ;$c30 cm.
=336  \\$atext$2rdacontent
=337  \\$aunmediated$2rdamedia
=338  \\$avolume$2rdacarrier
=490  0\$aHow Britain shops 2004
=500  \\$aTitle from cover. _ Running title: Verdict on how Britain shops for personal care 2004.
=650  \0$aRetail trade surveys$zGreat Britain.
=650  \0$aHygiene products$zGreat Britain.
=690  7\$aManagement and Business Studies$2blcoll
=710  2\$aVerdict Research.
=852  71$aBritish Library$bSTI$cRES$k(XB)$hLY 00$2blsrissc
=852  41$aBritish Library$bSTI
=957  \\$r24/03/2004
=957  \\$r23/2/04$tM/37650-24
=CAT  \\$aCONV$b00$c20040425$lBLL90$h0531
=CAT  \\$aCONV$b00$c20040502$lBLL01$h1229
=CAT  \\$a5100$b40$c20040611$lBLL01$h1154
=CAT  \\$a5100$b40$c20040611$lBLL01$h1156
=CAT  \\$a6632$b40$c20041025$lBLL01$h1717
=CAT  \\$a6632$b40$c20041025$lBLL01$h1719
=CAT  \\$aBATCH$b00$c20090520$lBLL01$h0122
=CAT  \\$aBATCH$b00$c20091119$lBLL01$h0124
=CAT  \\$a10932$b40$c20190307$lBLL01$h1135
=FIN  \\$aY
=FMT  \\$a  BK
=LAS  \\$a10932$b40$c20190307$lBLL01$h1135
=LDO  \\$aLDO$bpbk
=LEO  \\$aMP5.0000030376
=SRC  \\$aMOP02$bbibm2.200404.2.aa
=SRC  \\$aLDS01$bbiblm.200404.2.aa
=SRC  \\$aBNB03$bbibmp5.200404.2.aa

