=LDR  02615 am a2200565 a 4500
=001  007693644
=003  Uk
=005  20091216232300.0
=008  040303s2004\\\\enka\\\||\\\\\000\||eng\\
=015  \\$aGBA418383$2bnb
=019  y\$abA418383
=019  9\$abA418383
=019  0\$as694915009
=020  \\$cNo price (pbk.)
=039  0\$a2783
=040  \\$aUk$cUk
=082  04$a616.12$222
=245  00$aSystematic review and modelling of the investigation of acute and chronic chest pain presenting in primary care /$cJ. Mant ... [et al.].
=260  \\$aSouthampton :$bNational Coordinating Centre for Health Technology Assessment,$c2004.
=300  \\$ax, 170 p. :$bill. ;$c30 cm.
=336  \\$atext$2rdacontent
=337  \\$aunmediated$2rdamedia
=338  \\$avolume$2rdacarrier
=490  1\$aHealth technology assessment 2004,$x1366-5278 ;$vv. 8, no. 2
=504  \\$aIncludes bibliographical references.
=597  \\$aEnhanced$bSRIS DDC
=650  \0$aChest pain$xResearch.
=700  1\$aMant, J.$q(Jonathan)
=710  2\$aNational Co-ordinating Centre for HTA (Great Britain)
=830  \0$aHealth technology assessment 2004,$x1366-5278 ;$vv. 8, no. 2
=852  41$aBritish Library$bDSC
=852  71$aBritish Library$bSTI$k(P)$hGP 00$m-E(315)$2blsrissc
=886  2\$2ukmarc$a900$b10$aMant$hJonathan William French$xSee$aMant, J. (Jonathan)$z700
=886  2\$2ukmarc$a910$b20$aNHS National Co-ordinating Centre for Health Technology Assessment$xSee$aNational Co-ordinating Centre for HTA$x(Great Britain)$z710
=886  2\$2ukmarc$a910$b20$aNational Co-ordinating Centre for Health Technology Assessment$eGreat Britain$xSee$aNational Co-ordinating Centre for HTA$x(Great Britain)$z710
=886  2\$2ukmarc$a910$b20$aWessex Institute for Health Research and Development$cNational Co-ordinating Centre for HTA$eGreat Britain$xSee$aNational Co-ordinating Centre for HTA$x(Great Britain)$z710
=886  2\$2ukmarc$a910$b20$aNCCHTA$xSee$aNational Co-ordinating Centre for HTA$x(Great Britain)$z710
=886  2\$2ukmarc$a910$b20$aNational Coordinating Centre for Health Technology Assessment$xSee$aNational Co-ordinating Centre for HTA$x(Great Britain)$z710
=957  \\$a040212c
=CAT  \\$aCONV$b00$c20040425$lBLL90$h0531
=CAT  \\$aCONV$b00$c20040502$lBLL01$h1229
=CAT  \\$aBATCH$b00$c20091119$lBLL01$h0124
=CAT  \\$aBATCH$b00$c20091216$lBLL01$h2323
=FIN  \\$aY
=FMT  \\$a  BK
=LAS  \\$aBATCH$b00$c20091216$lBLL01$h2323
=LEO  \\$aMP5.0000030388
=LEO  \\$aMP25.0000371519
=SRC  \\$aBNB03$bbibmp5.200404.2.aa
=SRC  \\$aSRI01$bbibmp25.200404.2.aa

