=LDR  01970 am a2200613 a 4500
=001  007735621
=003  Uk
=005  20200909160000.0
=008  810217s1980\\\\enk\\\\||b\\\\001\||eng\\
=010  \\$a80021773
=015  \\$aGB8104108$2bnb
=019  y\$aB8104108
=019  9\$a0306651939
=019  a\$aG00417092
=019  0\$as165055006
=020  \\$a0306651939 :$cUnpriced
=039  0\$a1623
=040  \\$aUk$cUk
=050  00$aZ5838.T7
=082  04$a016.6213815/28$218
=082  04$a016.6213815/284$219
=084  \\$aRL 98$2blsrissc
=084  \\$aRL 91$2blsrissc
=100  10$aAgajanian, A. H.
=245  00$aMOSFET technologies :$ba comprehensive bibliography /$ccompiled by A.H. Agajanian.
=260  \\$aNew York ;$aLondon :$bIFI / Plenum,$cc1980.
=300  \\$axii,377p. ;$c26cm.
=336  \\$atext$2rdacontent
=337  \\$aunmediated$2rdamedia
=338  \\$avolume$2rdacarrier
=490  1\$aIFI data base library
=500  \\$aIncludes index.
=650  \0$aField-effect transistors$xBibliography.
=650  \0$aMetal oxide semiconductors$xBibliography.
=653  \\$aElectronic equipment$aMetal oxide semiconductor field effect transistors$aBibliographies
=830  \0$aIFI data base library.
=852  41$aBritish Library$bDSC
=852  71$aBritish Library$bSTI$k(A)$hRL 98$m-E(2)$2blsrissc
=886  2\$2blmarc$a029$b00$aS153950005
=CAT  \\$aCONV$b00$c20040425$lBLL90$h0548
=CAT  \\$aCONV$b00$c20040502$lBLL01$h1230
=CAT  \\$aglobal_upd$b40$c20060417$lBLL01$h0452
=CAT  \\$aBATCH$b00$c20091121$lBLL01$h2127
=CAT  \\$aBATCH$b00$c20091216$lBLL01$h2327
=CAT  \\$aBATCH-UPD$b00$c20200909$lBLL01$h1600
=FIN  \\$aY
=FMT  \\$a  BK
=LAS  \\$aBATCH-UPD$b00$c20200909$lBLL01$h1600
=LEO  \\$aMP5.0000591052
=LEO  \\$aMP8.0000163838
=LEO  \\$aMP25.0000066025
=SRC  \\$aBNB03$bbibmp5.200404.2.ab
=SRC  \\$aDSC01$bbibmp8.200404.2.aa
=SRC  \\$aSRI01$bbibmp25.200404.2.aa

