=LDR  01698 am a2200529 a 4500
=001  007756732
=003  Uk
=005  20091121214000.0
=008  010606s2001\\\\enka\\\||\\\\\001\||eng\\
=015  \\$aGBA133847$2bnb
=019  y\$abA133847
=019  9\$a3540416773
=019  0\$as667230009
=020  \\$a3540416773 (pbk.) :$cNo price
=039  0\$a2645
=040  \\$aDLC$cDLC$dUk
=082  04$a617.471$221
=084  \\$aH 67$2blsrissc
=084  \\$aGY 66$2blsrissc
=245  00$aBone cements and cementing technique /$cG.H.I.M. Walenkamp, D.W. Murray, eds.
=260  \\$aNew York ;$aLondon :$bSpringer,$cc2001.
=300  \\$aviii, 193 p. :$bill. ;$c24 cm.
=336  \\$atext$2rdacontent
=337  \\$aunmediated$2rdamedia
=338  \\$avolume$2rdacarrier
=504  \\$aIncludes bibliographical references and index.
=597  \\$aEnhanced$bSRIS DDC
=650  \0$aBone cements.
=650  \0$aBones$xSurgery.
=650  \0$aOrthopedic surgery$vMiscellanea.
=700  1\$aWalenkamp, G. H. I. M.
=700  1\$aMurray, D. W.
=852  41$aBritish Library$bDSC
=852  71$aBritish Library$bSTI$k(B)$hH 67$2blsrissc
=886  2\$2ukmarc$a900$b10$aWalenkamp$hGhim$xSee$aWalenkamp, G. H. I. M.$z700
=886  2\$2ukmarc$a900$b10$aWalenkamp$hGeert H. I. M.$xSee$aWalenkamp, G. H. I. M.$z700
=957  \\$a010606p
=CAT  \\$aCONV$b00$c20040425$lBLL90$h0629
=CAT  \\$aCONV$b00$c20040502$lBLL01$h1231
=CAT  \\$aBATCH$b00$c20091121$lBLL01$h2140
=FIN  \\$aY
=FMT  \\$a  BK
=LAS  \\$aBATCH$b00$c20091121$lBLL01$h2140
=LEO  \\$aMP5.0001893057
=LEO  \\$aMP25.0000348209
=SRC  \\$aBNB03$bbibmp5.200404.2.ad
=SRC  \\$aSRI01$bbibmp25.200404.2.aa

