=LDR  01783cam a2200553 a 4500
=001  007757805
=003  Uk
=005  20220331212339.0
=008  000905s2000\\\\enka\\\||\\\\\001\||eng\\
=015  \\$aGBA057987$2bnb
=019  y\$abA057987
=019  9\$a3540657150
=019  0\$as662513002
=020  \\$a3540657150 :$cNo price
=039  0\$a2608
=040  \\$aDLC$cDLC$dUk
=082  04$a502.82$221
=084  \\$aQU 49$2blsrissc
=100  1\$aBai, Chunli.
=245  10$aScanning tunneling microscopy and its application /$cChunli Bai.
=250  \\$a2nd rev. ed.
=260  \\$aBerlin ;$aLondon :$bSpringer,$cc2000.
=300  \\$axiv, 368 p. :$bill. ;$c25 cm.
=336  \\$atext$2rdacontent
=337  \\$aunmediated$2rdamedia
=338  \\$avolume$2rdacarrier
=490  0\$aSpringer series in surface sciences,$x0931-5195 ;$v32
=500  \\$aPrevious ed.: 1995.
=504  \\$aIncludes bibliographical references and index.
=540  \\$aBritish Library not licensed to copy$c0$5Uk
=650  \0$aScanning tunneling microscopy.
=650  \0$aSurfaces (Physics)
=650  \0$aSurface chemistry.
=852  41$aBritish Library$bDSC
=852  71$aBritish Library$bSTI$k(B)$hQU 49$2blsrissc
=957  \\$a000905p
=CAT  \\$aCONV$b00$c20040425$lBLL90$h0629
=CAT  \\$aCONV$b00$c20040502$lBLL01$h1231
=CAT  \\$aBATCH$b00$c20091121$lBLL01$h2140
=CAT  \\$aBATCH-CLAB$c20220330$lBLL01$h1744
=CAT  \\$aIPL-CLA$c20220331$lBLL01$h2123
=CFI  0\$aBritish Library not licensed to copy$c0$e01-apr-2022$hC$iCFP Excluded$5Uk
=FIN  \\$aY
=FMT  \\$a  BK
=LAS  \\$aIPL-CLA$b00$c20220331$lBLL01$h2123
=LEO  \\$aMP5.0001894166
=LEO  \\$aMP25.0000343892
=SRC  \\$aBNB03$bbibmp5.200404.2.ad
=SRC  \\$aSRI01$bbibmp25.200404.2.aa

