=LDR  01856cam a2200565 a 4500
=001  007757840
=003  Uk
=005  20220331212339.0
=008  000205s1999\\\\enka\\\||\\\\\001\||eng\\
=010  \\$a99039842
=015  \\$aGBA012236$2bnb
=019  y\$abA012236
=019  9\$a3540658548
=019  0\$as654702004
=020  \\$a3540658548 (pbk.) :$cNo price
=039  0\$a2579
=040  \\$aDLC$cDLC$dUk
=082  04$a515.7$221
=084  \\$aPC 48$2blsrissc
=100  10$aAliprantis, Charalambos D.
=245  10$aInfinite dimensional analysis :$ba hitchhiker's guide /$cCharalambos D. Aliprantis, Kim C. Border.
=250  \\$a2nd, completely rev. and enl. ed.
=260  \\$aBerlin ;$aLondon :$bSpringer,$cc1999.
=300  \\$axx, 672 p. :$bill. ;$c24 cm.
=336  \\$atext$2rdacontent
=337  \\$aunmediated$2rdamedia
=338  \\$avolume$2rdacarrier
=504  \\$aIncludes bibliographical references and index.
=540  \\$aBritish Library not licensed to copy$c0$5Uk
=597  \\$aEnhanced$bSRIS DDC
=650  \0$aFunctional analysis.
=650  \0$aEconomics, Mathematical.
=700  1\$aBorder, Kim C.
=852  41$aBritish Library$bDSC
=852  71$aBritish Library$bSTI$k(B)$hPC 48$2blsrissc
=957  \\$a000205p
=CAT  \\$aCONV$b00$c20040425$lBLL90$h0629
=CAT  \\$aCONV$b00$c20040502$lBLL01$h1231
=CAT  \\$aBATCH$b00$c20091121$lBLL01$h2141
=CAT  \\$aBATCH-UPD$b00$c20160628$lBLL01$h0911
=CAT  \\$aBATCH-CLAB$c20220330$lBLL01$h1736
=CAT  \\$aIPL-CLA$c20220331$lBLL01$h2123
=CFI  0\$aBritish Library not licensed to copy$c0$e01-apr-2022$hC$iCFP Excluded$5Uk
=FIN  \\$aY
=FMT  \\$a  BK
=LAS  \\$aIPL-CLA$b00$c20220331$lBLL01$h2123
=LEO  \\$aMP5.0001894203
=LEO  \\$aMP25.0000336823
=SRC  \\$aBNB03$bbibmp5.200404.2.ad
=SRC  \\$aSRI01$bbibmp25.200404.2.aa

