=LDR  06362cas a2201333 a 4500
=001  007857337
=003  Uk
=005  20230210004430.0
=007  ta
=008  970610c19969999enkar\\\\\r\\\0\\\a0eng\\
=015  \\$aGBA537615$2bnb
=019  c\$a2551462
=019  0\$as622945009
=022  0\$a1029-4147$z1378-8655$202
=040  \\$aUk$beng$cUK
=042  \\$aukblsr$aissnuk
=082  04$a337.142025$221
=084  \\$aAA 602$2blsrissc
=210  0\$aEU inst. regist.$b(Engl. ed.)
=222  \4$aThe EU institutions' register$b(English ed.)
=245  04$aThe EU institutions register.
=246  3\$aEU institutions' register (Ed. bilingue)
=260  \\$aGenval :$bEuroconfidentiel,$c1996-
=260  3\$32004-$aLondon :$bEuropa Publications.
=300  \\$av. ;$c30 cm.
=310  \\$aAnnual
=336  \\$atext$2rdacontent
=337  \\$aunmediated$2rdamedia
=338  \\$avolume$2rdacarrier
=500  \\$aLatest issue consulted: 5th ed.
=540  \\$aCurrent Copyright Fee: GBP18.02$c0$5Uk
=610  20$aEuropean Union$vDirectories.
=690  7\$aManagement and Business Studies$2blcoll
=710  2\$aEuroconfidential (Firm)
=780  00$tEU institutions' yellow pages$x1029-4155
=852  41$aBritish Library$bHMNTS$3Ed. 5 (2004) -
=852  71$aBritish Library$bSTI$cRES$k(XP)$hAA 602$m-E(16)$2blsrissc$3Ed. 1 (1996)-***Earlier issues
=852  11$aBritish Library$bSTI$k(B) DIR$h337.142025$mBusiness$3Current issue
=886  2\$2blmarc$a092$b00$a3823.623250n
=945  \\$aEU INSTITUTIONS REGISTER.
=979  \\$aBritish Library$bDSC$j3823.623250N
=985  \\$aISSN UK took responsibility from Belgian centre 15.6.05
=ACF  \\$aPrevious Copyright Fee: GBP18.02$c0$e01-apr-2012$fGBP18.02$g0$hC$5Uk
=ACF  \\$aPrevious Copyright Fee: GBP18.02$c0$e01-jan-2012$fGBP18.02$g0$hC$5Uk
=ACF  \\$aPrevious Copyright Fee: GBP18.02$c0$e01-oct-2011$fGBP18.02$g0$hC$5Uk
=ACF  \\$aPrevious Copyright Fee: GBP18.02$c0$e01-jul-2011$fGBP18.02$g0$hC$5Uk
=ACF  \\$aPrevious Copyright Fee: GBP18.02$c0$e01-apr-2011$fGBP18.02$g0$hC$5Uk
=ACF  \\$aPrevious Copyright Fee: GBP18.02$c0$e01-jan-2011$fGBP18.02$g0$hC$5Uk
=ACF  \\$aPrevious Copyright Fee: GBP18.02$c0$e01-oct-2010$fGBP18.02$g0$hC$5Uk
=ACF  \\$aPrevious Copyright Fee: GBP18.02$c0$e01-jul-2010$fGBP18.02$g0$hC$5Uk
=ACF  \\$aPrevious Copyright Fee: GBP18.02$c0$e01-apr-2010$fGBP18.02$g0$hC$5Uk
=ACF  \\$aPrevious Copyright Fee: GBP15.00$c0$e01-Jan-2010$fGBP15.00$g0$hC$5Uk
=ACF  \\$aPrevious Copyright Fee: GBP15.00$c0$e01-oct-2009$fGBP15.00$g0$hC$5Uk
=ACF  \\$aPrevious Copyright Fee: GBP15.00$c0$e01-jul-2009$fGBP15.00$g0$hC$5Uk
=ACF  \\$aPrevious Copyright Fee: GBP15.00$c0$e01-apr-2009$fGBP15.00$g0$hC$5Uk
=ACF  \\$aPrevious Copyright Fee: GBP15.00$c0$e01-jan-2009$fGBP15.00$g0$hC$5Uk
=ACF  \\$aPrevious Copyright Fee: GBP15.00$c0$e01-oct-2008$fGBP15.00$g0$hC$5Uk
=ACF  \\$aPrevious Copyright Fee: GBP15.00$c0$e01-jul-2008$fGBP15.00$g0$hC$5Uk
=ACF  \\$aPrevious Copyright Fee: GBP15.00$c0$e01-apr-2008$fGBP15.00$g0$hC$5Uk
=ACF  \\$aPrevious Copyright Fee: GBP15.00$c0$e01-jan-2008$fGBP15.00$g0$hC$5Uk
=ACF  \\$aPrevious Copyright Fee: GBP15.00$c0$e01-oct-2007$fGBP15.00$g0$hC$5Uk
=ACF  \\$aPrevious Copyright Fee: GBP15.00$c0$e01-jul-2007$fGBP15.00$g0$hC$5Uk
=ACF  \\$aPrevious Copyright Fee: GBP15.00$c0$e01-apr-2007$fGBP15.00$g0$hC$5Uk
=ACF  \\$aPrevious Copyright Fee: GBP15.00$c0$e01-jan-2007$fGBP15.00$g0$hC$5Uk
=ACF  \\$aPrevious Copyright Fee: GBP15.00$c0$e01-oct-2006$fGBP15.00$g0$hC$5Uk
=ACF  \\$aPrevious Copyright Fee: GBP15.00$c0$e01-jul-2006$fGBP15.00$g0$hC$5Uk
=ACF  \\$aPrevious Copyright Fee: GBP15.00$c0$e01-apr-2006$fGBP15.00$g0$hC$5Uk
=ACF  \\$aPrevious Copyright Fee: GBP15.00$c0$e01-jan-2006$fGBP15.00$g0$hC$5Uk
=ACF  \\$aPrevious Copyright Fee: GBP15.00$c0$e01-oct-2005$fGBP15.00$g0$hC$5Uk
=ACF  \\$aPrevious copyright fee: GBP5.00$c0$e01-jul-2002$fGBP5.00$g0$hA$5Uk
=ACF  \\$aCurrent copyright fee: GBP4.40$c0$e01-jul-1998$fGBP4.40$g0$hA$5Uk
=ACF  \\$aCurrent copyright fee: GBP4.20$c0$e23-jun-1997$fGBP4.20$g0$hA$5Uk
=ACF  \\$aPrevious Copyright Fee: GBP18.02$c0$e01-jul-2012$fGBP18.02$g0$hC$5Uk
=ACF  \\$aPrevious Copyright Fee: GBP18.02$c0$e01-oct-2012$fGBP18.02$g0$hC$5Uk
=ACF  \\$aBritish Library not licensed to copy$c0$e01-jul-2014$hC$iCFP Excluded$5Uk
=ACF  \\$aPrevious Copyright Fee: GBP18.02$c0$e01-oct-2015$fGBP18.02$g0$hC$5Uk
=CAT  \\$aCONV$b00$c20040425$lBLL90$h0702
=CAT  \\$aBATCH-CLA$b00$c20101115$lBLL01$h1602
=CAT  \\$aIPL-CLA$c20101231$lBLL01$h1206
=CAT  \\$aBATCH-CLA$b00$c20110228$lBLL01$h1530
=CAT  \\$aIPL-CLA$c20110331$lBLL01$h1429
=CAT  \\$aBATCH-CLA$b00$c20110531$lBLL01$h1638
=CAT  \\$aIPL-CLA$c20110630$lBLL01$h1510
=CAT  \\$aBATCH-CLA$b00$c20110831$lBLL01$h1747
=CAT  \\$aIPL-CLA$c20110930$lBLL01$h1508
=CAT  \\$aBATCH-CLA$b00$c20111130$lBLL01$h1200
=CAT  \\$aIPL-CLA$c20111230$lBLL01$h1710
=CAT  \\$aBATCH-CLA$b00$c20120229$lBLL01$h1624
=CAT  \\$aIPL-CLA$c20120330$lBLL01$h1355
=CAT  \\$aBATCH-CLA$b00$c20120531$lBLL01$h1727
=CAT  \\$aIPL-CLA$c20120629$lBLL01$h0951
=CAT  \\$aBATCH-CLA$b00$c20120831$lBLL01$h1556
=CAT  \\$aIPL-CLA$c20120930$lBLL01$h2005
=CAT  \\$aBATCH-CLA$b00$c20121103$lBLL01$h1021
=CAT  \\$aWR13.005$c20130329$lBLL01$h1222
=CAT  \\$aBATCH-CLA$b00$c20140530$lBLL01$h1714
=CAT  \\$aIPL-CLA$c20140630$lBLL01$h1657
=CAT  \\$aWR14_140$c20140905$lBLL01$h1723
=CAT  \\$aBATCH-CLA$b00$c20150828$lBLL01$h1543
=CAT  \\$aIPL-CLA$c20150930$lBLL01$h1742
=CAT  \\$aBATCH-CLA$b00$c20221130$lBLL01$h1502
=CAT  \\$aIPL-CLA$c20221231$lBLL01$h1836
=CAT  \\$aBATCH-CLA$b00$c20230209$lBLL01$h1548
=CAT  \\$aIPL-CLA$c20230210$lBLL01$h0044
=CFI  0\$aCurrent Copyright Fee: GBP18.02$c0$e09-feb-2023$fGBP18.02$g0$hC$5Uk
=CFI  2\$aBritish Library not licensed to copy$c0$e01-jan-2023$hC$iCFP Excluded$5Uk
=FIN  \\$aY
=FMT  \\$a  SE
=LAS  \\$aIPL-CLA$b00$c20230210$lBLL01$h0044
=LEO  \\$aMP25.0000314048
=LEO  \\$aMP10.0000216952
=SRC  \\$aSRI01$bbibmp25.200404.2.aa
=SRC  \\$aDSS01$bbibmp10.200404.2.aa
=TCO  \\$aCLA$bCLA$c008

