=LDR  04746aas a2201153 a 4500
=001  007870973
=003  Uk
=005  20110922093418.0
=007  ta
=008  980210c199u9999enkmr\p\\\\\\\0\\\a0eng\c
=010  \\$a   00212665 
=019  c\$a2549204
=019  0\$as621963003
=022  0\$a1529-5702$l1529-5702$21
=035  \\$a(OCoLC)38403523
=040  \\$aICMBP$cICMBP$dNSDP$dOCoLC$dDLC$dOCoLC$dUk
=042  \\$ansdp$aukblsr
=050  \4$aKF744.A15$bP74
=082  04$a332.6$223
=084  \\$aAN 124$2blsrissc
=210  0\$aPrivate asset manag.
=222  \0$aPrivate asset management
=245  00$aPrivate asset management.
=246  30$aPAM,$fOct. 2010-
=260  \\$aNew York :$bInstitutional Investor
=260  3\$3Oct. 2010-$aLondon :$bPageant Media
=300  \\$av. :$bcol. ill., ports. (some col.) ;$c28 cm.
=310  \\$aMonthly,$bNov. 2008-
=321  \\$aFortnightly
=336  \\$atext$2rdacontent
=337  \\$aunmediated$2rdamedia
=338  \\$avolume$2rdacarrier
=515  \\$aNumbering dropped with Oct. 2010 issue.
=530  \\$aAlso issued online.
=540  \\$aBritish Library not licensed to copy$c0$5Uk
=588  \\$aDescription based on: Vol. 5, no. 3 (Feb. 9, 1998).
=588  \\$aLatest issue consulted: Oct. 2011.
=650  \0$aTrust companies$zUnited States$vPeriodicals.
=650  \0$aTrusts and trustees$zUnited States$vPeriodicals.
=650  \0$aInvestments$zUnited States$vPeriodicals.
=650  \0$aRich people$zUnited States$xFinance, Personal$vPeriodicals.
=690  7\$aManagement and Business Studies$2blcoll
=710  2\$aInstitutional Investor (Firm)
=852  11$aBritish Library$bSTI$cBIPC$k(P)$h332.6$m-E(18) Business$2blsrissc$3Vol. 3, no. 26 (1996)-v. 12, no. 8 (2005), Sep. (2011)-(2019:Sep.)***Last 4 years
=852  71$aBritish Library$bSTI$cRES$k(P)$hAN 124$m-E(3)$2blsrissc$31996- ; Vol.3, no.26-***Earlier issues
=852  41$aBritish Library$bHMNTS
=945  \\$aPRIVATE ASSET MANAGEMENT
=957  \\$aCR
=979  \\$aBritish Library$bDSC$j6617.061497N
=985  \\$aRecord merged by DQ team
=A02  \\$a2549204
=ACF  \\$aPrevious Copyright Fee: GBP12.00$c0$e01-apr-2012$fGBP12.00$g0$hC$5Uk
=ACF  \\$aPrevious Copyright Fee: GBP12.00$c0$e01-jan-2012$fGBP12.00$g0$hC$5Uk
=ACF  \\$aBritish Library not licensed to copy$c0$e07-sep-2011$hC$iTX$5Uk
=ACF  \\$aPrevious copyright fee: GBP10.50$c0$e01-jan-2011$fGBP10.50$g0$hA$5Uk
=ACF  \\$aPrevious copyright fee: GBP9.00$c0$e01-apr-2010$fGBP9.00$g0$hA$5Uk
=ACF  \\$aPrevious copyright fee: GBP6.00$c0$e01-apr-2008$fGBP6.00$g0$hA$5Uk
=ACF  \\$aPrevious copyright fee: GBP5.00$c0$e01-jul-2002$fGBP5.00$g0$hA$5Uk
=ACF  \\$aCurrent copyright fee: GBP4.40$c0$e01-jul-1998$fGBP4.40$g0$hA$5Uk
=ACF  \\$aCurrent copyright fee: GBP4.20$c0$e01-apr-1997$fGBP4.20$g0$hA$5Uk
=ACF  \\$aPrevious Copyright Fee: GBP12.00$c0$e01-jul-2012$fGBP12.00$g0$hC$5Uk
=CAT  \\$aCONV$b00$c20040425$lBLL90$h0708
=CAT  \\$aBATCH$b00$c20091214$lBLL01$h0315
=CAT  \\$aBATCH$b00$c20091216$lBLL01$h0055
=CAT  \\$aBATCH-UPD$b00$c20100225$lBLL01$h2310
=CAT  \\$aBATCH-UPD$b00$c20100331$lBLL01$h2057
=CAT  \\$aBATCH-UPD$b00$c20100401$lBLL01$h0038
=CAT  \\$aBATCH$b00$c20100401$lBLL01$h0347
=CAT  \\$aBATCH$b00$c20100401$lBLL01$h1350
=CAT  \\$aBATCH-UPD$b00$c20101124$lBLL01$h1740
=CAT  \\$aBATCH-UPD$b00$c20101125$lBLL01$h1003
=CAT  \\$aIPL-CLA$c20101231$lBLL01$h1212
=CAT  \\$aBATCH-UPD$b00$c20110907$lBLL01$h1755
=CAT  \\$aIPL-CLA$c20110908$lBLL01$h1709
=CAT  \\$a8323$b40$c20110922$lBLL01$h0934
=CAT  \\$aBATCH-CLA$b00$c20111130$lBLL01$h1210
=CAT  \\$aIPL-CLA$c20111230$lBLL01$h1715
=CAT  \\$aBATCH-CLA$b00$c20120229$lBLL01$h1609
=CAT  \\$aIPL-CLA$c20120330$lBLL01$h1356
=CAT  \\$aBATCH-CLA$b00$c20120531$lBLL01$h1659
=CAT  \\$aIPL-CLA$c20120629$lBLL01$h0952
=CAT  \\$aBATCH-CLA$b00$c20120831$lBLL01$h1539
=CAT  \\$aIPL-CLA$c20120930$lBLL01$h2006
=CAT  \\$aBATCH-CLA$b00$c20121103$lBLL01$h1019
=CAT  \\$aWR13.005$c20130329$lBLL01$h1234
=CAT  \\$aBATCH-CLA$b00$c20140228$lBLL01$h1617
=CAT  \\$aIPL-CLA$c20140331$lBLL01$h1617
=CFI  0\$aBritish Library not licensed to copy$c0$e01-apr-2014$hC$iCFP Excluded$5Uk
=CFI  2\$aPrevious Copyright Fee: GBP12.00$c0$e01-oct-2012$fGBP12.00$g0$hC$5Uk
=FIN  \\$aY
=FMT  \\$a  SE
=LAS  \\$aIPL-CLA$b00$c20140331$lBLL01$h1617
=LEO  \\$aMP25.0000313111
=LEO  \\$aMP10.0000450679
=SRC  \\$aDSS02$bbibh.200404.2.aa
=SRC  \\$aSRI01$bbibmp25.200404.2.aa
=SRC  \\$aDSS01$bbibmp10.200404.2.aa
=SRC  \\$aBLL02
=TCO  \\$aTRS$bCCC$c008

