=LDR  01695 am a2200541ua 4500
=001  008051611
=003  Uk
=005  20091121225300.0
=008  910802s1991\\\\enk\\\\\|\\\\\001\|\eng\\
=010  \\$a90044203
=015  \\$aGB9144828$2bnb
=019  y\$ab9144828
=019  9\$a0262041138
=019  1\$a0262041138
=019  0\$as575150009
=020  \\$a0262041138 :$c£44.95
=039  0\$a2151
=040  \\$aUk$cUk
=082  04$a780.285$220
=084  \\$aRY 35$2blsrissc
=245  00$aRepresentations of musical signals /$cedited by Giovanni De Poli, Aldo Piccialli, and Curtis Roads.
=260  \\$aCambridge, Mass. ;$aLondon :$bMIT Press,$cc1991.
=300  \\$axv,478p. :$bill. ;$c24cm.
=336  \\$atext$2rdacontent
=337  \\$aunmediated$2rdamedia
=338  \\$avolume$2rdacarrier
=504  \\$aIncludes bibliographical references and indexes.
=597  \\$aDLC$b90044203 /MN
=650  \0$aMusic$xData processing.
=653  1\$aMusic$aUse of$aComputers
=700  1\$aDe Poli, Giovanni.
=700  1\$aPiccialli, Aldo.
=700  1\$aRoads, Curtis.
=852  71$aBritish Library$bSTI$cRES$k(B)$hRY 35$2blsrissc
=852  41$aBritish Library$bHMNTS
=886  2\$2ukmarc$a900$b10$aPoli$hGiovanni de$xSee$aDe Poli, Giovanni$z700
=CAT  \\$aCONV$b00$c20040425$lBLL90$h0801
=CAT  \\$aCONV$b00$c20040502$lBLL01$h1239
=CAT  \\$aBATCH$b00$c20091121$lBLL01$h2253
=FIN  \\$aY
=FMT  \\$a  BK
=LAS  \\$aBATCH$b00$c20091121$lBLL01$h2253
=LEO  \\$aMP5.0000938558
=LEO  \\$aMP13.0001481215
=LEO  \\$aMP25.0000266000
=SRC  \\$aBNB03$bbibmp5.200404.2.ab
=SRC  \\$aHSS01$bbibmp13.200404.2.ac
=SRC  \\$aSRI01$bbibmp25.200404.2.aa

