=LDR  01675 as a22004577a 4500
=001  008208034
=003  Uk
=005  20070907104645.0
=007  ta
=008  811117d19451978ne\uu\p|||\\\|0\\\b0dut\\
=019  0\$as200280007
=022  0\$a0017-4491
=040  \\$aUk$cUk$dUk
=084  \\$aDT 34$2blsrissc
=222  \0$aGroenten en fruit$b(Den Haag. 1945)
=245  00$aGroenten en fruit.
=260  \\$aDen Haag,$c1945-1978.
=300  \\$c41cm.
=336  \\$atext$2rdacontent
=337  \\$aunmediated$2rdamedia
=338  \\$avolume$2rdacarrier
=500  \\$aOrgan of the Centraal Bureau van de Tuinbouwveilingen in Nederland.
=650  \3$aHorticulture$zNetherlands$vPeriodicals.
=650  \3$aHorticultural products$zNetherlands$vPeriodicals.
=710  1\$aNetherlands.$bCentraal Bureau van de Tuinbouwveilingen.
=785  00$tG + F. Groenten en fruit$x0166-2929
=852  71$aBritish Library$bSTI$k(P)$hDT 34$m-G(3)$2blsrissc$31963-1973; Jaarg.19 - jaarg.28, nr 32 ; Deficient: jaarg 19, nr 3, 4, 1963; jaarg.22, nr 18, 1966
=852  49$aBritish Library$bDSC$3See shelfmark 4217.870000 for Vol. 11 (1964)-Vol. 39, No. 10 (1983)
=968  \\$aC
=985  \\$a710 not in BLL10 or 12
=CAT  \\$aCONV$b00$c20040425$lBLL90$h0852
=CAT  \\$aCONV$b00$c20040502$lBLL01$h1244
=CAT  \\$a8201$b40$c20070907$lBLL01$h1046
=CAT  \\$aBATCH$b00$c20091208$lBLL01$h0342
=FIN  \\$aY
=FMT  \\$a  SE
=LAS  \\$aBATCH$b00$c20091208$lBLL01$h0342
=LEO  \\$aMP25.0000072840
=LKR  \\$aPAR$b008538599$lBLL01$r78500$mGroenten en fruit (Den Haag. 1945)$nG EN F.
=SRC  \\$aSRI01$bbibmp25.200404.2.aa
=TCO  \\$aNLD$bSTICHTING REPRORECHT$c008

