=LDR  01561 as a2200445 a 4500
=001  008208081
=003  Uk
=005  20081006162738.0
=007  ta
=008  810324d192019uugw\uu\p\\\a\\\0\\\b0ger\\
=019  0\$as200349023
=019  c\$a2033123
=040  \\$aUk$cUk$dUk
=084  \\$aER 05$2blsrissc
=245  00$aBerichte über die gesamte Physiologie und experimentelle Pharmakologie.
=260  \\$aBerlin :$bSpringer,$c1920-
=300  \\$c25 cm.
=336  \\$atext$2rdacontent
=337  \\$aunmediated$2rdamedia
=338  \\$avolume$2rdacarrier
=500  \\$aConsists of abstracts.
=580  \\$aContinued as "Berichte über die gesamte Biologie: Abteilung B: Berichte über die gesamte Physiologie und experimentelle Pharmakologie", q.v.
=650  \0$aPharmacology$vAbstracts.
=770  0\$tJahresbericht Physiologie und experimentelle Pharmakologie
=780  00$tBerichte über die gesamte Physiologie
=852  49$aBritish Library$bDSC$3See shelf mark 1935.000000
=852  71$aBritish Library$bSTI$k(A)$hER 05$m-G(1)$2blsrissc$3Bd.3, 1920-81, 1934
=985  \\$aRecord merged by DQ team
=CAT  \\$aCONV$b00$c20040425$lBLL90$h0852
=CAT  \\$aCONV$b00$c20040502$lBLL01$h1244
=CAT  \\$a8456$b40$c20081006$lBLL01$h1627
=CAT  \\$aBATCH$b00$c20091208$lBLL01$h0342
=FIN  \\$aY
=FMT  \\$a  SE
=LAS  \\$aBATCH$b00$c20091208$lBLL01$h0342
=LEO  \\$aMP25.0000072913
=LEO  \\$aMP10.0000092969
=SRC  \\$aSRI01$bbibmp25.200404.2.aa
=SRC  \\$aDSS01$bbibmp10.200404.2.aa
=TCO  \\$aDEU$bVG WORT$c008

