=LDR  01783 as a2200481 a 4500
=001  008208332
=003  Uk
=005  20081208151555.0
=007  ta
=008  781114d19711978fr\wr\p\\\b\\\0\\\b0fre\\
=019  0\$as200601016
=019  c\$a2201768
=040  \\$aUk$cUk$dUk
=084  \\$aUR 25$2blsrissc
=245  00$aSCETA documentation.
=246  30$aSociété de contrôle et d'exploitation de transports auxiliaires documentation
=260  \\$aParis :$bLa Société,$c1971-1978.
=300  \\$c30 cm.
=310  \\$aWeekly
=336  \\$atext$2rdacontent
=337  \\$aunmediated$2rdamedia
=338  \\$avolume$2rdacarrier
=500  \\$aCeased publication.
=595  \\$aSEE ALSO SERIAL RECORDS DOE-DT.
=710  2\$aSociété de contrôle et d'exploitation de transports auxiliaires.
=780  00$tBulletin de documentation (Société de contrôle et d'exploitation de transports auxiliaires)
=852  49$aBritish Library$bDSC$3See shelfmark 2843.000000 for 1971-1978
=852  71$aBritish Library$bSTI$k(A)$hUR 25$m-F(2)$2blsrissc$3221, 1971-534, 1978
=985  \\$aRecord merged by DQ team
=CAT  \\$aCONV$b00$c20040425$lBLL90$h0852
=CAT  \\$aCONV$b00$c20040502$lBLL01$h1244
=CAT  \\$aglobal_upd$b40$c20060417$lBLL01$h1633
=CAT  \\$a8456$b40$c20081208$lBLL01$h1515
=CAT  \\$aBATCH$b00$c20091208$lBLL01$h0342
=FIN  \\$aY
=FMT  \\$a  SE
=LAS  \\$aBATCH$b00$c20091208$lBLL01$h0342
=LEO  \\$aMP25.0000073202
=LEO  \\$aMP10.0000521728
=LKR  \\$aPAR$b011735835$lBLL01$r78000$mSCETA documentation.$nBulletin de documentation (Société de contrôle et d'exploitation de transports auxiliaires)
=SRC  \\$aSRI01$bbibmp25.200404.2.aa
=SRC  \\$aDSS01$bbibmp10.200404.2.aa
=TCO  \\$aFRA$bCFC$c008

