=LDR  02303 as a2200577 a 4500
=001  008209601
=003  Uk
=005  20100310085711.0
=007  ta
=008  790703d19461978sa\br\p\\\\\\\0\\\a0eng\\
=019  0\$as202464008
=022  0\$a0002-0273
=040  \\$aUk$cUk$dUk
=041  0\$aeng$bafr
=082  04$a333.954160968$221
=084  \\$aCC 47$2blsrissc
=222  \0$aAfrican wildlife$b(Multilingual ed. 1946)
=245  00$aAfrican wild life.
=246  13$aAfrican wildlife
=260  \\$aJohannesburg :$bWildlife Society of Southern Africa$c1946-1978.
=300  \\$av. :$bill. ;$c22-30 cm.
=310  \\$aBi-monthly
=321  \\$aQuarterly
=336  \\$atext$2rdacontent
=337  \\$aunmediated$2rdamedia
=338  \\$avolume$2rdacarrier
=362  1\$aVol. 1, no. 1 (Oct. 1946)-v. 32, no. 4 (July/Aug. 1978)
=500  \\$aSize and place of publication vary.
=500  \\$aVol. 1-v. 17, no. 2, 1946-1963 issued by the Wild Life Protection Society of South Africa; v. 17, no. 3-v. 27, 1963-1973, by the Wild Life Protection and Conservation Society of South Africa; issued 1974-1978 by the Wildlife Society of Southern Africa.
=546  \\$aIn English or Afrikaans.
=650  \0$aWildlife conservation$zSouth Africa$vPeriodicals.
=650  \0$aWildlife conservation$vPeriodicals.
=710  2\$aWild Life Protection Society of South Africa.
=710  2\$aWild Life Protection and Conservation Society of South Africa.
=710  2\$aWildlife Society of Southern Africa.
=785  06$tAfrican wildlife (Afrikaanse ed.)$x0256-6249
=785  06$tAfrican wildlife (International ed.)$x1816-4323
=852  49$aBritish Library$bDSC$3See 0735.000000 for Vol. 1, no. 1-v. 32, no. 4
=852  71$aBritish Library$bSTI$k(P)$hCC 47$m-E(1)$2blsrissc$3Vol. 1, no. 1 (Oct. 1946)-v. 32, no. 4 (July/Aug. 1978)
=CAT  \\$aCONV$b00$c20040425$lBLL90$h0853
=CAT  \\$aCONV$b00$c20040502$lBLL01$h1244
=CAT  \\$aglobal_upd$b40$c20060417$lBLL01$h1633
=CAT  \\$aBATCH$b00$c20091208$lBLL01$h0342
=CAT  \\$a6537$b40$c20100310$lBLL01$h0845
=CAT  \\$a6537$b40$c20100310$lBLL01$h0857
=FIN  \\$aY
=FMT  \\$a  SE
=LAS  \\$a6537$b40$c20100310$lBLL01$h0857
=LEO  \\$aMP25.0000074708
=SRC  \\$aSRI01$bbibmp25.200404.2.aa
=TCO  \\$aZAF$bDALRO$c008

