=LDR  01482 as a22004457a 4500
=001  008209791
=003  Uk
=005  20090508155323.0
=007  ta
=008  820216d19461971enkar\p\\\\\\\0\\\a0eng\\
=019  0\$as202590011
=040  \\$aUk$cUk$dUk
=082  04$a635.93432$221
=084  \\$aDY 98(D)$2blsrissc
=084  \\$aDY 98(T1)$2blsrissc
=245  00$aDaffodil and tulip year book.
=246  3\$aDaffodil and tulip yearbook
=260  \\$aLondon :$bRoyal Horticultural Society,$c1946-1971.
=300  \\$c23 cm.
=336  \\$atext$2rdacontent
=337  \\$aunmediated$2rdamedia
=338  \\$avolume$2rdacarrier
=710  2\$aRoyal Horticultural Society (Great Britain)
=780  00$tDaffodil year-book
=785  00$tDaffodils$x0070-2544
=852  49$aBritish Library$bDSC$3See shelfmark 3511.000000 for ed. 12, 1946- 1971 *A=1
=852  71$aBritish Library$bSTI$k(P)$hDY 98$m(D) -E(3)$2blsrissc$31946-2000; No.12, 1946 - no.26, 1971
=968  \\$bx
=CAT  \\$aCONV$b00$c20040425$lBLL90$h0853
=CAT  \\$aCONV$b00$c20040502$lBLL01$h1244
=CAT  \\$aUE-01$b00$c20050614$lBLL01$h2033
=CAT  \\$a8201$b40$c20090508$lBLL01$h1553
=CAT  \\$aBATCH$b00$c20091208$lBLL01$h0342
=FIN  \\$aY
=FMT  \\$a  SE
=LAS  \\$aBATCH$b00$c20091208$lBLL01$h0342
=LEO  \\$aMP25.0000074932
=LKR  \\$aPAR$b007161508$lBLL01$r78000$mDaffodil and tulip year book.$nDaffodil year-book.
=SRC  \\$aSRI01$bbibmp25.200404.2.aa
=TCO  \\$aCLA$bCLA$c008

