=LDR  01937 as a2200589ua 4500
=001  008211328
=003  Uk
=005  20201124182702.0
=007  ta
=008  830927d19491990ko\br\p\\\\\\\0\\\k0kor\\
=019  0\$as204691001
=019  c\$a2446894
=019  c\$a2058525
=022  0\$a0418-2472
=040  \\$aUk$cUk$dUk
=041  0\$akor$aeng
=082  04$a540.5$223
=084  \\$aJB 00$2blsrissc
=222  \0$aDaehan hwahag hoeji.
=245  00$aTaehan Hwahakhoe-ji.
=246  13$aDaehan Hwahak hwoejee
=260  \\$aSeoul :$bDaehan Hwahaghoe
=300  \\$c26 cm.
=336  \\$atext$2rdacontent
=337  \\$aunmediated$2rdamedia
=338  \\$avolume$2rdacarrier
=540  \\$aBritish Library not licensed to copy$c0$5Uk
=546  \\$aIn Korean or English.
=650  \0$aChemistry$vPeriodicals.
=710  2\$aTaehan Hwahakhoe.
=785  00$tJournal of the Korean Chemical Society$x1017-2548
=852  49$aBritish Library$bDSC$3See shelfmark 4812.200000
=852  71$aBritish Library$bSTI$k(P)$hJB 00$m-X(5)$2blsrissc$31965- ; Vol.9, no.2-
=985  \\$aRecord merged by DQ team
=985  \\$aUpgraded by BSS-generated file for WR2011-1473
=CAT  \\$aCONV$b00$c20040425$lBLL90$h0853
=CAT  \\$aCONV$b00$c20040502$lBLL01$h1244
=CAT  \\$aBATCH$b00$c20091122$lBLL01$h0009
=CAT  \\$a8201$b40$c20120118$lBLL01$h1216
=CAT  \\$a12654$b40$c20190509$lBLL01$h0933
=CAT  \\$a12654$b40$c20190620$lBLL01$h1441
=CAT  \\$aW2011-1473$b00$c20201124$lBLL01$h1827
=CFI  0\$aBritish Library not licensed to copy$c0$e09-may-2019$hC$iTX$5Uk
=FIN  \\$aY
=FMT  \\$a  SE
=LAS  \\$aW2011-1473$b00$c20201124$lBLL01$h1827
=LEO  \\$aMP10.0000178425
=LEO  \\$aMP10.0000564508
=LEO  \\$aMP25.0000076649
=LKR  \\$aPAR$b010486099$lBLL01$r78500$mDaehan hwahag hoeji.$nJournal of the Korean Chemical Society.
=SRC  \\$aSRI01$bbibmp25.200404.2.aa
=TCO  \\$aXXX$c008

