=LDR  01982 as a2200577 a 4500
=001  008211609
=003  Uk
=005  20201124182703.0
=007  ta
=008  770119d19631976ko\qr\p\\\\\\\0\\\k0kor\\
=019  c\$a2097716
=019  0\$as204971004
=022  0\$a0454-627X
=040  \\$aUk$cUk$dUk
=041  0\$akor$aeng
=082  04$a620.1605$222
=084  \\$aN 00$2blsrissc
=222  \0$aGeumsog haghoeji
=245  00$aKŭmsok Hakhoe chi =$bJournal of the Korean Institute of Metals.
=246  31$aJournal of the Korean Institute of Metals
=246  13$aKŭmsok Hakhoe-ji
=260  \\$aSeoul :$bDaehan geumsog haghoe,$c1963-1976.
=300  \\$a14 v. :$bill. ;$c26 cm.
=310  \\$aQuarterly
=336  \\$atext$2rdacontent
=337  \\$aunmediated$2rdamedia
=338  \\$avolume$2rdacarrier
=362  0\$aChe 1-kwŏn che 1-ho (1963-yŏn 1-wŏl)-che 14-kwŏn che 5-ho (1976-yŏn 12-wŏl).
=500  \\$aSupplementary "Special issues" accompany some vols.
=546  \\$aIn Korean or English.
=650  \0$aMetals$vPeriodicals.
=650  \0$aMetallurgy$vPeriodicals.
=710  2\$aTaehan Kŭmsok Hakhoe.
=785  00$tTaehan Kŭmsok Hakhoe chi$x0253-3847
=852  49$aBritish Library$bDSC$3See shelfmark 4812.320000 for vol. 5 (1967)-
=852  71$aBritish Library$bSTI$k(P)$hN 00$m-X(1)$2blsrissc$31963- ; Vol.1- ; Set incomplete
=985  \\$aRecord merged by DQ team
=985  \\$aUpgraded by BSS-generated file for WR2011-1473
=CAT  \\$aCONV$b00$c20040425$lBLL90$h0853
=CAT  \\$aCONV$b00$c20040502$lBLL01$h1244
=CAT  \\$aglobal_upd$b40$c20060417$lBLL01$h1633
=CAT  \\$aBATCH$b00$c20091208$lBLL01$h0342
=CAT  \\$a8201$b40$c20120120$lBLL01$h1238
=CAT  \\$aW2011-1473$b00$c20201124$lBLL01$h1827
=FIN  \\$aY
=FMT  \\$a  SE
=LAS  \\$aW2011-1473$b00$c20201124$lBLL01$h1827
=LEO  \\$aMP10.0000335803
=LEO  \\$aMP25.0000076934
=SRC  \\$aSRI01$bbibmp25.200404.2.aa
=TCO  \\$aXXX$c008

