=LDR  02724 as a2200625 a 4500
=001  008212672
=003  Uk
=005  20201124182704.0
=007  ta
=008  841119d19401967it\qr\p\\\\\\\0\\\b0ita\d
=019  0\$as208818006
=022  0\$a1120-7175
=040  \\$aUk$cUk$dUk
=041  0\$aita$aeng$afre
=082  04$a510.5$222
=084  \\$aP 00$2blsrissc
=222  \0$aRendiconti di matematica e delle sue applicazioni$b(1940)
=245  00$aRendiconti di matematica e delle sue applicazioni.
=260  \\$aGubbio :$bOderisi,$c1940-1968.
=300  \\$a26 v. ;$c25 cm.
=310  \\$aQuarterly
=336  \\$atext$2rdacontent
=337  \\$aunmediated$2rdamedia
=338  \\$avolume$2rdacarrier
=362  0\$aSer. 5, v. 1, fasc. 1 (mar. 1940)-v. 26, fasc. 3-4 (luglio-dic. 1967).
=500  \\$aImprint and size vary.
=500  \\$aIssued for the Istituto matematico Guido Castelnuovo and Istituto di matematica applicata of the Università degli studi di Roma, and the Istituto nazionale di alta matematica; serie 5, 1940-67, issued for the university itself with the Istituto nazionale di alta matematica.
=500  \\$aSerie 6 entitled "Rendiconti di matematica".
=515  \\$aSuspended 1944-1945.
=546  \\$aIn Italian, French or English.
=555  \\$aSer. 1 (1914)-5 (1967). (Includes index to the journal under its earlier titles). 1 v.
=650  \0$aMathematics$vPeriodicals.
=710  2\$aUniversità di Roma.
=710  2\$aIstituto nazionale di alta matematica (Italy)
=710  2\$aR. Università di Roma.
=710  2\$aReale Istituto nazionale di alta matematica (Italy)
=780  00$tRendiconti del Seminario matematico della R. Università di Roma$x1120-7167
=785  00$tRendiconti di matematica$x0034-4427
=852  49$aBritish Library$bDSC$3See shelfmark 7362.800000 for ser. 5: VOL. 14(3), 1955- 26, 1967 *A=2
=852  71$aBritish Library$bSTI$k(P)$hP 00$m-F(5)$2blsrissc$31940-1998; Serie 5-18. ; Deficient: serie 15, n.3, 1995
=985  \\$aUpgraded by BSS-generated file for WR2011-1473
=CAT  \\$aCONV$b00$c20040425$lBLL90$h0853
=CAT  \\$aCONV$b00$c20040502$lBLL01$h1244
=CAT  \\$a8201$b40$c20080521$lBLL01$h1421
=CAT  \\$aBATCH-UPD$b40$c20080521$lBLL01$h1426
=CAT  \\$aBATCH$b00$c20091208$lBLL01$h0342
=CAT  \\$aBATCH-UPD$b00$c20160609$lBLL01$h2216
=CAT  \\$aW2011-1473$b00$c20201124$lBLL01$h1827
=FIN  \\$aY
=FMT  \\$a  SE
=LAS  \\$aW2011-1473$b00$c20201124$lBLL01$h1827
=LEO  \\$aMP25.0000078139
=LKR  \\$aPAR$b008559718$lBLL01$r78500$mRendiconti di matematica e delle sue applicazioni (1940)$nRENDICONTI DI MATEMATICA.
=SRC  \\$aSRI01$bbibmp25.200404.2.aa
=TCO  \\$aITA$bAIDRO / SIAE$c008

