=LDR  02639 as a2200613 a 4500
=001  008213882
=003  Uk
=005  20071106095841.0
=007  ta
=008  840124d19401989ja\qr\p|||\\\|0\\\a0eng\\
=019  0\$as214063003
=022  0\$a0023-6179
=040  \\$aUk$cUk$dUk
=082  04$a551.05$222
=084  \\$aNX 059(J)$2blsrissc
=210  0\$aMem. Fac. Sci., Kyushu Univ. Ser. D
=222  \0$aMemoirs of the Faculty of Science, Kyushu University Series D. Geology
=245  00$aMemoirs of the Faculty of Science, Kyushu University.$nSeries D,$pGeology.
=246  13$aMemoirs of the Faculty of Science, Kyushu Imperial University.$nSeries D,$pGeology
=246  30$aGeology
=260  \\$aFukuoka, Japan :$bFaculty of Science,$c1940-1989.
=300  \\$a26 v. :$bill. ;$c26 cm.
=310  \\$aIrregular
=336  \\$atext$2rdacontent
=337  \\$aunmediated$2rdamedia
=338  \\$avolume$2rdacarrier
=362  0\$aVol. 1, no. 1 (July 1940)-v. 26, no. 3 (1989).
=490  1\$aKyūshū Daigaku Rigakubu kiyō
=490  1\$aKyūshū Teikoku Daigaku Rigakubu kiyō
=500  \\$aAlso entitled "Kyūshū Daigaku, Rigakubu kiyō. Series D, Geology".
=500  \\$aTo 1947, the University was called Kyūshū Teikoku Daigaku and Kyushu Imperial University.
=580  \\$aFrom 1959 contains supplements subtitled "Special volume 1", etc.
=650  \0$aGeology$vPeriodicals.
=710  2\$aKyūshū Daigaku.$bRigakubu.
=785  00$tMemoirs of the Faculty of Science, Kyushu University. Series D, Earth and planetary sciences$x0916-7390
=830  \0$aKyūshū Daigaku Rigakubu kiyō.
=830  \0$aKyūshū Teikoku Daigaku Rigakubu kiyō.
=852  49$aBritish Library$bDSC$3See shelfmark 5600.500000 for vol. 3, 1947- 30(2), 1998 *A=1
=852  71$aBritish Library$bSTI$k(P)$hNX 059$m(J) -E(4)$2blsrissc$3Vol. 1 (1940)-v. 26 (1989)***UKRR Retained Title***Set incomplete
=968  \\$bx
=CAT  \\$aCONV$b00$c20040425$lBLL90$h0853
=CAT  \\$aCONV$b00$c20040502$lBLL01$h1245
=CAT  \\$a8201$b40$c20071106$lBLL01$h0958
=CAT  \\$aBATCH-UPD$b40$c20081005$lBLL01$h0326
=CAT  \\$aBATCH$b00$c20091208$lBLL01$h0342
=CAT  \\$aBATCH$b00$c20091216$lBLL01$h2354
=CAT  \\$aBATCH-UPD$b00$c20170302$lBLL01$h1724
=FIN  \\$aY
=FMT  \\$a  SE
=LAS  \\$aBATCH-UPD$b00$c20170302$lBLL01$h1724
=LEO  \\$aMP25.0000079426
=LKR  \\$aPAR$b011758057$lBLL01$r78500$mMemoirs of the Faculty of Science, Kyushu University Series D. Geology$nMEMOIRS- FACULTY OF SCIENCE KYUSHU UNIVERSITY SERIES D.
=SRC  \\$aSRI01$bbibmp25.200404.2.aa
=TCO  \\$aJPN$bJAACC$c008

