=LDR  01435 am a22003973u 4500
=001  008277917
=003  Uk
=005  20061030161813.0
=008  991120s1999\\\\gw\a\\\\\b\\\\001\0\ger\d
=020  \\$a3795209838
=035  \\$a(CSt)(Sirsi)a4262912
=035  \\$a(CStRLIN)CSUGA4262912-B
=040  \\$aGyWOH$cGyWOH$dCSt$dCStRLIN
=050  \4$aML404$b.H
=100  1\$aHopfner, Rudolf.
=245  10$aWiener Musikinstrumentenmacher 1766-1900 :$bAdressenverzeichnis und Bibliographie /$cRudolf Hopfner.
=260  \\$aTutzing :$bSchneider,$c1999.
=300  \\$a641 p. :$bill. ;$c25 cm.
=336  \\$atext$2rdacontent
=337  \\$aunmediated$2rdamedia
=338  \\$avolume$2rdacarrier
=500  \\$aAt head of title: Kunsthistorisches Museum, Wien.
=504  \\$aIncludes bibliographical references.
=650  \0$aMusical instrument makers$zAustria$zVienna$y18th century$vDirectories.
=650  \0$aMusical instrument makers$zAustria$zVienna$y19th century$vDirectories.
=852  41$aBritish Library$bHMNTS$cSPHOA$kMUS$h784.19436
=852  41$aBritish Library$bHMNTS
=957  \\$r28/08/2002
=CAT  \\$aCONV$b00$c20040425$lBLL90$h0916
=CAT  \\$aCONV$b00$c20040502$lBLL01$h1246
=CAT  \\$a11696$b40$c20061030$lBLL01$h1618
=CAT  \\$aBATCH$b00$c20091209$lBLL01$h0103
=FMT  \\$a  BK
=LAS  \\$aBATCH$b00$c20091209$lBLL01$h0103
=SID  \\$aZ39$bOXFORD$c(CSt)(Sirsi)a4262912
=SRC  \\$aMOP02$bbibm2.200404.2.aa

