=LDR  01623pam a2200541 a 4500
=001  008385541
=003  Uk
=005  20040805152401.0
=008  020809s2003\\\\ne\a\\\\\b\\\\001\0\eng\\
=015  \\$aGBA2U5336$2bnb
=019  y\$abA2U5336
=019  9\$a0750649887
=019  g\$aadv5004055076
=019  a\$aG07697582
=020  \\$a0750649887 (pbk) :$c£40.00
=039  0\$a2713
=040  \\$aStDuBDS$beng$dUk
=042  \\$aukblsr
=082  04$a623.81$222
=100  1\$aBiran, Adrian.
=245  10$aShip hydrostatics and stability /$cA. B. Biran.
=260  \\$aAmsterdam ;$aLondon :$bButterworth-Heinemann,$c2003.
=300  \\$axvi, 344 p. :$bill. ;$c24 cm.
=336  \\$atext$2rdacontent
=337  \\$aunmediated$2rdamedia
=338  \\$avolume$2rdacarrier
=500  \\$aFormerly CIP.$5Uk
=504  \\$aIncludes bibliographical references and index.
=650  \0$aShips$xHydrodynamics.
=650  \0$aStability of ships.
=852  11$aBritish Library$bSTI
=852  11$aBritish Library$bSTI$k(B)$h623.87
=957  \\$r16/3/04$tM/37881-09
=966  \\$lACQUIS 10/11/2003
=CAT  \\$aCONV$b00$c20040425$lBLL90$h0537
=CAT  \\$aCONV$b00$c20040502$lBLL01$h1251
=CAT  \\$a11315$b40$c20040805$lBLL01$h1524
=CAT  \\$aglobal_upd$b40$c20060417$lBLL01$h0616
=CAT  \\$aBATCH$b00$c20091122$lBLL01$h0024
=FIN  \\$aY
=FMT  \\$a  BK
=LAS  \\$aBATCH$b00$c20091122$lBLL01$h0024
=LDO  \\$aCIP$bpbk
=LEO  \\$aMP5.0000237804
=LEO  \\$aMP8.0001821542
=SRC  \\$aBNB03$bbibmp5.200404.2.aa
=SRC  \\$aDSC01$bbibmp8.200404.2.ac
=SRC  \\$aLDS01$bbiblm.200404.2.aa

