=LDR  01693 am a22005777a 4500
=001  008421127
=003  Uk
=005  20091122003700.0
=008  930921s1993\\\\enka\\\\|\\\\\001\|\eng\\
=010  \\$a93009403
=015  \\$aGB9348311$2bnb
=019  y\$ab9348311
=019  9\$a0387940081
=019  g\$aadv0100255043
=019  a\$aG02231339
=019  0\$as594355001
=020  \\$a0387940081 :$cNo price
=020  \\$a3540940081 (Germany)
=039  0\$a2259
=040  \\$aUk$cUk
=082  04$a515.352$220
=084  \\$aPA 16$2blsrissc
=100  1\$aStenger, Frank.
=245  10$aNumerical methods based on Sinc and analytic functions.
=260  \\$aNew York ;$aLondon :$bSpringer-Verlag,$cc1993.
=300  \\$axv,565p.
=336  \\$atext$2rdacontent
=337  \\$aunmediated$2rdamedia
=338  \\$avolume$2rdacarrier
=597  \\$aDLC$b93009403
=650  \0$aGalerkin methods.
=650  \0$aDifferential equations$xNumerical solutions.
=653  1\$aDifferential equations$aNumerical methods
=852  71$aBritish Library$bSTI$cRES$k(B)$hPA 16$2blsrissc
=852  41$aBritish Library$bDSC
=886  2\$2blmarc$a010$b00$alc93009403
=957  \\$aP
=966  \\$uo$lACQUIS
=CAT  \\$aCONV$b00$c20040425$lBLL90$h0600
=CAT  \\$aCONV$b00$c20040502$lBLL01$h1253
=CAT  \\$aglobal_upd$b40$c20060417$lBLL01$h0618
=CAT  \\$aBATCH$b00$c20091122$lBLL01$h0037
=FIN  \\$aY
=FMT  \\$a  BK
=LAS  \\$aBATCH$b00$c20091122$lBLL01$h0037
=LEO  \\$aMP5.0001001212
=LEO  \\$aMP8.0001039804
=LEO  \\$aMP25.0000285513
=SRC  \\$aBNB03$bbibmp5.200404.2.ab
=SRC  \\$aDSC01$bbibmp8.200404.2.ab
=SRC  \\$aSRI01$bbibmp25.200404.2.aa

