=LDR  01130cam a22003253u 4500
=001  008513144
=003  Uk
=005  20220225184005.0
=008  040422s2004\\\\||||||||||||||||||||eng\\
=020  \\$a3805576927
=100  1\$aStowell, CP
=245  10$aEmerging technologies in transfusion medicine
=260  \\$aBasel$bKarger$c2004
=336  \\$atext$2rdacontent
=337  \\$aunmediated$2rdamedia
=338  \\$avolume$2rdacarrier
=852  41$aBritish Library$bDSC
=852  11$aBritish Library$bSTI$k(B)$h615.39
=883  0\$aLanguage codes assigned by Bayesian analysis of words present in record$d20201028$qUk$c0.9010
=985  \\$aUpgraded by BSS-generated file for WR2011-1473
=CAT  \\$aCONV$b00$c20040425$lBLL90$h0656
=CAT  \\$aCONV$b00$c20040502$lBLL01$h1255
=CAT  \\$aBATCH$b00$c20091209$lBLL01$h0205
=CAT  \\$aBATCH$b00$c20091214$lBLL01$h0325
=CAT  \\$aBATCH$b00$c20091216$lBLL01$h0106
=CAT  \\$aW2011-1473$b00$c20201124$lBLL01$h1828
=CAT  \\$aW2201-1476$b00$c20220225$lBLL01$h1840
=FMT  \\$a  BK
=LAS  \\$aW2201-1476$b00$c20220225$lBLL01$h1840
=SRC  \\$aMOP01$bbibm1.200404.2.aa

