=LDR  01658aam a2200505 u 4500
=001  006628982
=003  Uk
=005  20040804092203.0
=008  030106s2002\\\\ne\a\\\\\b\\\\001\0\eng\\
=015  \\$aGBA457214$2bnb
=019  a\$aG07757241
=020  \\$a0121533530 :$cNo price
=040  \\$aUk$beng$cUk
=042  \\$aukblsr
=082  04$a572.3$222
=245  00$aCalcium-activated chloride channels /$cedited by Catherine Mary Fuller.
=260  \\$aAmsterdam ;$aLondon :$bAcademic Press,$cc2002.
=300  \\$axxv, 441 p. :$bill. ;$c24 cm.
=336  \\$atext$2rdacontent
=337  \\$aunmediated$2rdamedia
=338  \\$avolume$2rdacarrier
=490  0\$aCurrent topics in membranes ;$vv. 53
=504  \\$aIncludes bibliographical references and index.
=650  \0$aChloride channels.
=650  \0$aChlorides$xPhysiological transport.
=650  \0$aCalcium$xPhysiological effect.
=700  1\$aFuller, Catherine Mary.
=852  11$aBritish Library$bSTI
=852  11$aBritish Library$bSTI$k(B)$hKL 31
=945  \\$aCurrent topics in membranes ; vol 53
=957  \\$r23/3/04$tM/37948-02
=CAT  \\$aCONV$b00$c20040502$lBLL01$h1146
=CAT  \\$a6632$b40$c20040802$lBLL01$h1447
=CAT  \\$a11250$b40$c20040804$lBLL01$h0918
=CAT  \\$a11250$b40$c20040804$lBLL01$h0922
=CAT  \\$aglobal_upd$b40$c20060417$lBLL01$h0229
=CAT  \\$aBATCH$b00$c20091207$lBLL01$h0215
=CAT  \\$aBATCH$b00$c20091224$lBLL01$h2251
=FIN  \\$aY
=FMT  \\$a  BK
=LAS  \\$aBATCH$b00$c20091224$lBLL01$h2251
=LDO  \\$aLDO$bhbk
=LEO  \\$aMP8.0001839257
=SRC  \\$aLDS01$bbiblm.200404.2.aa
=SRC  \\$aDSC01$bbibmp8.200404.2.ac

