=LDR  01940 aa a2200565 u 4500
=001  006660839
=003  Uk
=005  20040803154203.0
=008  040301s2004\\\\xxu\\\\\\b\\\\001\0\eng\\
=010  \\$a2003063826
=015  \\$aGBA457057$2bnb
=019  a\$aG07986159
=020  \\$a0821835734 :$cNo price
=040  \\$aUk$beng$cUk
=042  \\$aukblsr
=082  04$a512.74$222
=100  1\$aShimura, Gorō,$d1930-2019.
=245  10$aArithmetic and analytic theories of quadratic forms and Clifford groups /$cGoro Shimura.
=260  \\$aProvidence, R.I. ;$a[Great Britain] :$bAmerican Mathematical Society,$cc2004.
=300  \\$aix, 275 p. ;$c27 cm.
=336  \\$atext$2rdacontent
=337  \\$aunmediated$2rdamedia
=338  \\$avolume$2rdacarrier
=490  0\$aMathematical surveys and monographs,$x0076-5376 ;$vv. 109
=504  \\$aIncludes bibliographical references and index.
=650  \0$aForms, Quadratic.
=650  \0$aLinear algebraic groups.
=650  \0$aNumber theory.
=710  2\$aAmerican Mathematical Society.
=852  41$aBritish Library$bSTI
=852  11$aBritish Library$bSTI$k(B)$h512.74
=945  \\$aMathematical surveys and monographs ; vol 109
=957  \\$r26/3/04$tM/37978-01
=CAT  \\$aCONV$b00$c20040502$lBLL01$h1146
=CAT  \\$a6632$b40$c20040802$lBLL01$h1104
=CAT  \\$a6506$b40$c20040803$lBLL01$h1537
=CAT  \\$a6506$b40$c20040803$lBLL01$h1542
=CAT  \\$aglobal_upd$b40$c20060417$lBLL01$h0241
=CAT  \\$aBATCH-UPD$b40$c20081108$lBLL01$h0350
=CAT  \\$aBATCH$b00$c20091207$lBLL01$h0228
=CAT  \\$aBATCH$b00$c20091224$lBLL01$h2254
=CAT  \\$aBATCH-UPD$b00$c20100725$lBLL01$h2106
=CAT  \\$a5100$b40$c20190514$lBLL01$h0818
=FIN  \\$aY
=FMT  \\$a  BK
=LAS  \\$a5100$b40$c20190514$lBLL01$h0818
=LDO  \\$aLDO$bhbk$c24/3/04
=LEO  \\$aMP8.0001903371
=SRC  \\$aLDS01$bbiblm.200404.2.aa
=SRC  \\$aDSC01$bbibmp8.200404.2.ac

