=LDR  01702 am a2200481ua 4500
=001  006759051
=003  Uk
=005  20210929143219.0
=008  971003s1996\\\\ii\c\\\||e\\\\001\|ceng\\
=019  2\$abld0064422
=019  s\$aoaoc06273
=020  \\$a8186339310 (v. 1)
=020  \\$a8186339434 (v. 2)
=040  \\$aDLC$cDLC$dUk
=082  04$a891.1$221
=100  1\$aSinha, Biswajit.
=245  10$aEncyclopaedia of Indian writers :$bAkademi laurels /$cBiswajit Sinha, Ashok K. Choudhury.
=260  \\$aDelhi, India :$bEastern Book Linkers,$c1996-
=300  \\$av. :$bports. ;$c25cm.
=336  \\$atext$2rdacontent
=337  \\$aunmediated$2rdamedia
=338  \\$avolume$2rdacarrier
=504  \\$aIncludes bibliographical references and index.
=505  0\$aContents: v.1. Sanskrit - v.2. Bengali.
=650  \0$aIndic literature$xBio-bibliography.
=650  \0$aAuthors, Indic$xDirectories.
=700  1\$aChoudhury, Ashok K.$q(Ashok Kumar).
=852  11$aBritish Library$bOC$cSPHOA$kOIH$h891.1
=852  41$aBritish Library$bOC
=886  2\$2ukmarc$a900$b10$aBiswajit Sinha$xSee$aSinha, Biswajit$z100
=886  2\$2ukmarc$a900$b10$aChoudhury$hAshok Kumar$xSee$aChoudhury, Ashok K. (Ashok Kumar)$z700
=886  2\$2ukmarc$a900$b00$aAshok Kumar Choudhury$xSee$aChoudhury, Ashok K. (Ashok Kumar)$z700
=886  2\$2blmarc$a967$b00$gx
=AQN  \\$aE40
=CAT  \\$aCONV$b00$c20040502$lBLL01$h1156
=CAT  \\$aBATCH$b00$c20091118$lBLL01$h0148
=CAT  \\$a9668$b40$c20210929$lBLL01$h1432
=FIN  \\$aY
=FMT  \\$a  BK
=LAS  \\$a9668$b40$c20210929$lBLL01$h1432
=LEO  \\$aMP13.0000191536
=SRC  \\$aHSS01$bbibmp13.200404.2.aa
=SRC  \\$aMOP02$bbibm2.200404.2.aa

