=LDR  03736cas a2200889 a 4500
=001  006762557
=003  Uk
=005  20221231181413.0
=007  ta
=008  810804d19721987gw\br\p\\\\\\\0\\\b0ger\\
=019  0\$as108939014
=022  0\$a0341-3306$z0373-790X$z0374-4825$z0374-4833
=040  \\$aUk$cUk$dUk
=041  0\$ager$beng
=082  04$a003.05$222
=084  \\$aPA 20$2blsrissc
=210  0\$aZ. Oper.-Res.
=222  \0$aZeitschrift für Operations-Research
=245  00$aZeitschrift für Operations Research.
=260  \\$aWürzburg :$bPhysica,$c1972-1987.
=300  \\$c25 cm.
=310  \\$aBimonthly
=336  \\$atext$2rdacontent
=337  \\$aunmediated$2rdamedia
=338  \\$avolume$2rdacarrier
=500  \\$aOrgan of the Deutsche Gesellschaft für Operations Research.
=500  \\$aAt head of cover: ZOR.
=505  0\$aIssued in 2 parts; Series A: Theory (called 1972-79: Serie A, Theorie); Series B: Applications (called 1972-84 Serie B, Praxis)
=540  \\$aCurrent Copyright Fee: GBP25.00$c0$5Uk
=546  \\$aEnglish summaries.
=650  \0$aOperations research$vPeriodicals.
=710  2\$aDeutsche Gesellschaft für Operations Research.
=780  00$tUnternehmensforschung$x0042-0573
=785  00$tZOR$x0340-9422
=852  49$aBritish Library$bDSC$3See shelfmark 9475.620000 for Series A and 9475.622000 for Series B
=852  71$aBritish Library$bSTI$k(P)$hPA 20$m-G(1)$2blsrissc$31972-1987; Band 16-23; vol.24-31.
=968  \\$bx
=ACF  \\$aPrevious Copyright Fee: GBP16.00$c0$e01-oct-2008$fGBP16.00$g0$hC$5Uk
=ACF  \\$aPrevious copyright fee: GBP10.50$c0$e01-jan-2011$fGBP10.50$g0$hA$5Uk
=ACF  \\$aPrevious copyright fee: GBP12.00$c0$e01-jan-2012$fGBP12.00$g0$hA$5Uk
=ACF  \\$aPrevious Copyright Fee: GBP12.30$c0$e01-jan-2014$fGBP12.30$g0$hA$5Uk
=ACF  \\$aPrevious Copyright Fee: GBP15.00$c0$e01-jan-2017$fGBP15.00$g0$hA$5Uk
=ACF  \\$aPrevious Copyright Fee: GBP17.50$c0$e01-jan-2018$fGBP17.50$g0$hA$5Uk
=ACF  \\$aPrevious Copyright Fee: GBP20.00$c0$e01-jan-2020$fGBP20.00$g0$hA$5Uk
=CAT  \\$aCONV$b00$c20040502$lBLL01$h1157
=CAT  \\$aBATCH-CLA$b00$c20080829$lBLL01$h1848
=CAT  \\$aBATCH-UPD$b00$c20080930$lBLL01$h2310
=CAT  \\$aBATCH$b00$c20081001$lBLL01$h0030
=CAT  \\$aBATCH$b00$c20091118$lBLL01$h0149
=CAT  \\$a8201$b40$c20100315$lBLL01$h0941
=CAT  \\$aBATCH-UPD$b40$c20101201$lBLL01$h1206
=CAT  \\$aIPL-CLA$c20101231$lBLL01$h1137
=CAT  \\$aWR11_203$c20111204$lBLL01$h1241
=CAT  \\$aIPL-CLA$c20111230$lBLL01$h1641
=CAT  \\$aBATCH-CLA$b00$c20121103$lBLL01$h1035
=CAT  \\$aBATCH-CLA$c20131213$lBLL01$h1952
=CAT  \\$aIPL-CLA$c20131231$lBLL01$h1823
=CAT  \\$aBATCH-CLA$b00$c20161222$lBLL01$h1649
=CAT  \\$aIPL-CLA$c20161230$lBLL01$h1750
=CAT  \\$aBATCH-CLA$b00$c20171222$lBLL01$h1943
=CAT  \\$aIPL-CLA$c20171231$lBLL01$h1327
=CAT  \\$aBATCH-CLA$b00$c20191219$lBLL01$h1615
=CAT  \\$aIPL-CLA$c20191231$lBLL01$h1703
=CAT  \\$aR2001-1524$c20200127$lBLL01$h1919
=CAT  \\$aBATCH-CLA$b00$c20201204$lBLL01$h1409
=CAT  \\$aIPL-CLA$c20201231$lBLL01$h1857
=CAT  \\$aBATCH-CLA$b00$c20221221$lBLL01$h1712
=CAT  \\$aIPL-CLA$c20221231$lBLL01$h1814
=CFI  0\$aCurrent Copyright Fee: GBP25.00$c0$e01-jan-2023$fGBP25.00$g0$hA$5Uk
=CFI  2\$aPrevious Copyright Fee: GBP22.50$c0$e01-jan-2021$fGBP22.50$g0$hA$5Uk
=FIN  \\$aY
=FMT  \\$a  SE
=LAS  \\$aIPL-CLA$b00$c20221231$lBLL01$h1814
=LEO  \\$aMP25.0000022854
=LKR  \\$aPAR$b012754721$lBLL01$r78000$mZeitschrift für Operations-Research$nUnternehmensforschung
=SRC  \\$aSRI01$bbibmp25.200404.2.aa
=TCO  \\$aDEU$bVG WORT$c008

