=LDR  05157cas a22010817a 4500
=001  006766757
=003  Uk
=005  20221231181418.0
=007  ta
=008  780822d19582001ja\mr\p|||\\\|0\\\d0mul\\
=019  0\$as204135001
=022  0\$a0582-4664
=040  \\$aUk$cUk$dUk
=041  0\$ajpn$aeng
=084  \\$aNQ 66$2blsrissc
=245  00$aSekiyu Gakkai-shi.
=246  31$aJournal of the Japan Petroleum Institute
=260  \\$aTokyo :$bThe Institute,$c1958-2001.
=300  \\$c30cm.
=310  \\$aMonthly
=336  \\$atext$2rdacontent
=337  \\$aunmediated$2rdamedia
=338  \\$avolume$2rdacarrier
=500  \\$aAlso entitled "Journal of the Japan Petroleum Institute". To vol.20, further entitled "Petroleum".
=505  0\$aSome articles are translated in "International chemical engineering (New York)", q.v.
=540  \\$aCurrent Copyright Fee: GBP25.00$c0$5Uk
=546  \\$aIn Japanese or English.
=710  2\$aSekiyu Gakkai (Japan)
=730  0\$aPetroleum (Japan)
=785  00$tJournal of the Japan Petroleum Institute$x1346-8804
=852  49$aBritish Library$bDSC$3See shelfmark 4805.700000 for vol.1, 1958-
=852  71$aBritish Library$bSTI$k(P)$hNQ 66$m-X(1)$2blsrissc$31965- ; Vol.8- [No.]68- ; Deficient: vol.16,no.8-9***Until 1996
=985  \\$aUpgraded by BSS-generated file for WR2011-1473
=ACF  \\$aPrevious Copyright Fee: GBP5.14$c0$e01-jul-2009$fGBP5.14$g0$hC$5Uk
=ACF  \\$aPrevious Copyright Fee: GBP5.14$c0$e01-apr-2009$fGBP5.14$g0$hC$5Uk
=ACF  \\$aPrevious Copyright Fee: GBP4.50$c0$e01-jan-2009$fGBP4.50$g0$hC$5Uk
=ACF  \\$aPrevious Copyright Fee: GBP3.60$c0$e01-oct-2008$fGBP3.60$g0$hC$5Uk
=ACF  \\$aPrevious Copyright Fee: GBP3.60$c0$e01-jul-2008$fGBP3.60$g0$hC$5Uk
=ACF  \\$aPrevious Copyright Fee: GBP3.60$c0$e01-apr-2008$fGBP3.60$g0$hC$5Uk
=ACF  \\$aPrevious Copyright Fee: GBP3.60$c0$e01-jan-2008$fGBP3.60$g0$hC$5Uk
=ACF  \\$aPrevious Copyright Fee: GBP3.60$c0$e01-oct-2007$fGBP3.60$g0$hC$5Uk
=ACF  \\$aPrevious Copyright Fee: GBP3.60$c0$e01-jul-2007$fGBP3.60$g0$hC$5Uk
=ACF  \\$aPrevious Copyright Fee: GBP3.69$c0$e01-apr-2007$fGBP3.69$g0$hC$5Uk
=ACF  \\$aPrevious Copyright Fee: GBP3.89$c0$e01-jan-2007$fGBP3.89$g0$hC$5Uk
=ACF  \\$aPrevious Copyright Fee: GBP3.89$c0$e01-oct-2006$fGBP3.89$g0$hC$5Uk
=ACF  \\$aPrevious Copyright Fee: GBP4.11$c0$e01-jul-2006$fGBP4.11$g0$hC$5Uk
=ACF  \\$aPrevious Copyright Fee: GBP4.11$c0$e01-apr-2006$fGBP4.11$g0$hC$5Uk
=ACF  \\$aPrevious Copyright Fee: GBP4.00$c0$e01-jan-2006$fGBP4.00$g0$hC$5Uk
=ACF  \\$aPrevious Copyright Fee: GBP3.89$c0$e01-oct-2005$fGBP3.89$g0$hC$5Uk
=ACF  \\$aPrevious Copyright Fee: GBP3.89$c0$e01-jul-2005$fGBP3.89$g0$hC$5Uk
=ACF  \\$aPrevious Copyright Fee: GBP3.89$c0$e01-apr-2005$fGBP3.89$g0$hC$5Uk
=ACF  \\$aPrevious Copyright Fee: GBP4.00$c0$e01-jan-2005$fGBP4.00$g0$hC$5Uk
=ACF  \\$aPrevious Copyright Fee: GBP3.89$c0$e01-oct-2004$fGBP3.89$g0$hC$5Uk
=ACF  \\$aPrevious copyright fee: GBP10.50$c0$e01-jan-2011$fGBP10.50$g0$hA$5Uk
=ACF  \\$aPrevious copyright fee: GBP12.00$c0$e01-jan-2012$fGBP12.00$g0$hA$5Uk
=ACF  \\$aPrevious Copyright Fee: GBP12.30$c0$e01-jan-2014$fGBP12.30$g0$hA$5Uk
=ACF  \\$aPrevious Copyright Fee: GBP15.00$c0$e01-jan-2017$fGBP15.00$g0$hA$5Uk
=ACF  \\$aPrevious Copyright Fee: GBP17.50$c0$e01-jan-2018$fGBP17.50$g0$hA$5Uk
=ACF  \\$aPrevious Copyright Fee: GBP20.00$c0$e01-jan-2020$fGBP20.00$g0$hA$5Uk
=CAT  \\$aCONV$b00$c20040502$lBLL01$h1157
=CAT  \\$aBATCH$b00$c20090401$lBLL01$h0105
=CAT  \\$aBATCH-CLA$b00$c20090529$lBLL01$h1713
=CAT  \\$aBATCH-UPD$b00$c20090701$lBLL01$h1935
=CAT  \\$aBATCH-UPD$b00$c20090701$lBLL01$h2022
=CAT  \\$aBATCH$b00$c20090701$lBLL01$h2044
=CAT  \\$aBATCH$b00$c20091207$lBLL01$h0245
=CAT  \\$aBATCH-UPD$b00$c20101201$lBLL01$h1206
=CAT  \\$aIPL-CLA$c20101231$lBLL01$h1138
=CAT  \\$aWR11_203$c20111204$lBLL01$h1241
=CAT  \\$aIPL-CLA$c20111230$lBLL01$h1641
=CAT  \\$aBATCH-CLA$b00$c20121103$lBLL01$h1035
=CAT  \\$aBATCH-CLA$c20131213$lBLL01$h1952
=CAT  \\$aIPL-CLA$c20131231$lBLL01$h1823
=CAT  \\$aBATCH-CLA$b00$c20161222$lBLL01$h1649
=CAT  \\$aIPL-CLA$c20161230$lBLL01$h1750
=CAT  \\$aBATCH-CLA$b00$c20171222$lBLL01$h1943
=CAT  \\$aIPL-CLA$c20171231$lBLL01$h1327
=CAT  \\$aBATCH-CLA$b00$c20191219$lBLL01$h1615
=CAT  \\$aIPL-CLA$c20191231$lBLL01$h1703
=CAT  \\$aR2001-1524$c20200127$lBLL01$h1919
=CAT  \\$aW2011-1473$b00$c20201124$lBLL01$h1818
=CAT  \\$aBATCH-CLA$b00$c20201204$lBLL01$h1409
=CAT  \\$aIPL-CLA$c20201231$lBLL01$h1857
=CAT  \\$aBATCH-CLA$b00$c20221221$lBLL01$h1712
=CAT  \\$aIPL-CLA$c20221231$lBLL01$h1814
=CFI  0\$aCurrent Copyright Fee: GBP25.00$c0$e01-jan-2023$fGBP25.00$g0$hA$5Uk
=CFI  2\$aPrevious Copyright Fee: GBP22.50$c0$e01-jan-2021$fGBP22.50$g0$hA$5Uk
=FIN  \\$aY
=FMT  \\$a  SE
=LAS  \\$aIPL-CLA$b00$c20221231$lBLL01$h1814
=LEO  \\$aMP25.0000075999
=SRC  \\$aSRI01$bbibmp25.200404.2.aa
=TCO  \\$aJPN$bJAACC$c008

