=LDR  07247cas a2201525 a 4500
=001  007029214
=003  Uk
=005  20220630165612.0
=006  aa\\\|||||||||||||
=007  ta
=008  030108d2002200uenkmr\p\\\\\\\0\\\a0eng\\
=015  \\$aGBA277073$2bnb
=019  y\$abA277073
=019  9\$abA277073
=019  c\$a3007601
=019  0\$as681909005
=022  0\$a1478-7253$202
=039  0\$a2718
=040  \\$aUk$cUk$dUk
=042  \\$aissnuk
=082  04$a338.47669142$221
=084  \\$aND 10$2blsrissc
=222  \0$aEmerging steel markets monthly
=245  00$aEmerging steel markets monthly.
=260  \\$aLondon (111 Westminster Bridge Rd, London SE1 7UL) :$bMetal Bulletin plc,$c2002-
=300  \\$av. :$bill. ;$c30 cm.
=336  \\$atext$2rdacontent
=337  \\$aunmediated$2rdamedia
=338  \\$avolume$2rdacarrier
=362  0\$aIssue 1 (Oct. 7, 2002)-
=540  \\$aBritish Library not licensed to copy$c0$5Uk
=580  \\$aContinues: CIS steel markets monthly.
=580  \\$aMerged with: Steel markets monthly, to form online publication: Steel, weekly market tracker.
=595  \\$aFORMERLY 3267.63965N.
=597  \\$aEnhanced$bSRIS DDC
=650  \0$aSteel industry and trade$vPeriodicals.
=690  7\$aManagement and Business Studies$2blcoll
=710  2\$aMetal Bulletin Research (Firm)
=730  0\$aCIS steel markets monthly,$x1468-5159.
=780  00$tCIS steel markets monthly$x1468-5159
=785  17$tSteel markets monthly$x0964-7694
=785  17$tSteel, weekly market tracker$x2040-2015
=852  41$aBritish Library$bSTI$3NO. 1, 2002- *A=1
=852  71$aBritish Library$bSTI$k(P)$hND 10$m-E(14)$2blsrissc$3Issue 1 (2002)-Issue 73 (2008:Oct.)
=886  2\$2ukmarc$a910$b20$aMBR$xSee$aMetal Bulletin Research$z710
=886  2\$2blmarc$a092$b00$a3733.428900n
=945  \\$aEMERGING STEEL MARKETS MONTHLY.
=957  \\$a021010c
=979  \\$aBritish Library$bDSC$j3733.428900N
=A02  \\$a3007601
=ACF  \\$aPrevious Copyright Fee: GBP10.00$c0$e01-apr-2012$fGBP10.00$g0$hC$5Uk
=ACF  \\$aPrevious Copyright Fee: GBP10.00$c0$e01-jan-2012$fGBP10.00$g0$hC$5Uk
=ACF  \\$aPrevious Copyright Fee: GBP10.00$c0$e01-oct-2011$fGBP10.00$g0$hC$5Uk
=ACF  \\$aPrevious Copyright Fee: GBP10.00$c0$e01-jul-2011$fGBP10.00$g0$hC$5Uk
=ACF  \\$aPrevious Copyright Fee: GBP10.00$c0$e01-apr-2011$fGBP10.00$g0$hC$5Uk
=ACF  \\$aPrevious Copyright Fee: GBP10.00$c0$e01-jan-2011$fGBP10.00$g0$hC$5Uk
=ACF  \\$aPrevious Copyright Fee: GBP10.00$c0$e01-oct-2010$fGBP10.00$g0$hC$5Uk
=ACF  \\$aPrevious Copyright Fee: GBP10.00$c0$e01-jul-2010$fGBP10.00$g0$hC$5Uk
=ACF  \\$aPrevious Copyright Fee: GBP10.00$c0$e01-apr-2010$fGBP10.00$g0$hC$5Uk
=ACF  \\$aPrevious Copyright Fee: GBP10.00$c0$e01-Jan-2010$fGBP10.00$g0$hC$5Uk
=ACF  \\$aPrevious Copyright Fee: GBP10.00$c0$e01-oct-2009$fGBP10.00$g0$hC$5Uk
=ACF  \\$aPrevious Copyright Fee: GBP10.00$c0$e01-jul-2009$fGBP10.00$g0$hC$5Uk
=ACF  \\$aPrevious Copyright Fee: GBP10.00$c0$e01-apr-2009$fGBP10.00$g0$hC$5Uk
=ACF  \\$aPrevious Copyright Fee: GBP10.00$c0$e01-jan-2009$fGBP10.00$g0$hC$5Uk
=ACF  \\$aPrevious Copyright Fee: GBP10.00$c0$e01-oct-2008$fGBP10.00$g0$hC$5Uk
=ACF  \\$aPrevious Copyright Fee: GBP10.00$c0$e01-jul-2008$fGBP10.00$g0$hC$5Uk
=ACF  \\$aPrevious Copyright Fee: GBP10.00$c0$e01-apr-2008$fGBP10.00$g0$hC$5Uk
=ACF  \\$aPrevious Copyright Fee: GBP10.00$c0$e01-jan-2008$fGBP10.00$g0$hC$5Uk
=ACF  \\$aPrevious Copyright Fee: GBP10.00$c0$e01-oct-2007$fGBP10.00$g0$hC$5Uk
=ACF  \\$aPrevious Copyright Fee: GBP10.00$c0$e01-jul-2007$fGBP10.00$g0$hC$5Uk
=ACF  \\$aPrevious Copyright Fee: GBP10.00$c0$e01-apr-2007$fGBP10.00$g0$hC$5Uk
=ACF  \\$aPrevious Copyright Fee: GBP6.90$c0$e01-jan-2007$fGBP6.90$g0$hC$5Uk
=ACF  \\$aPrevious Copyright Fee: GBP6.90$c0$e01-oct-2006$fGBP6.90$g0$hC$5Uk
=ACF  \\$aPrevious Copyright Fee: GBP6.90$c0$e01-jul-2006$fGBP6.90$g0$hC$5Uk
=ACF  \\$aPrevious Copyright Fee: GBP6.90$c0$e01-apr-2006$fGBP6.90$g0$hC$5Uk
=ACF  \\$aPrevious Copyright Fee: GBP6.90$c0$e01-jan-2006$fGBP6.90$g0$hC$5Uk
=ACF  \\$aPrevious Copyright Fee: GBP6.90$c0$e01-oct-2005$fGBP6.90$g0$hC$5Uk
=ACF  \\$aPrevious Copyright Fee: GBP6.90$c0$e01-jul-2005$fGBP6.90$g0$hC$5Uk
=ACF  \\$aPrevious Copyright Fee: GBP6.90$c0$e01-apr-2005$fGBP6.90$g0$hC$5Uk
=ACF  \\$aPrevious Copyright Fee: GBP6.90$c0$e01-jan-2005$fGBP6.90$g0$hC$5Uk
=ACF  \\$aPrevious Copyright Fee: GBP6.90$c0$e01-oct-2004$fGBP6.90$g0$hC$5Uk
=ACF  \\$aPrevious copyright fee: GBP5.00$c0$e05-nov-2002$fGBP5.00$g0$hA$5Uk
=ACF  \\$aPrevious Copyright Fee: GBP10.00$c0$e01-jul-2012$fGBP10.00$g0$hC$5Uk
=ACF  \\$aPrevious Copyright Fee: GBP10.00$c0$e01-oct-2012$fGBP10.00$g0$hC$5Uk
=ACF  \\$aPrevious Copyright Fee: GBP12.00$c0$e01-apr-2013$fGBP12.00$g0$hC$5Uk
=ACF  \\$aPrevious Copyright Fee: GBP12.30$c0$e01-jan-2014$fGBP12.30$g0$hC$5Uk
=ACF  \\$aPrevious Copyright Fee: GBP15.00$c0$e01-jan-2017$fGBP15.00$g0$hC$5Uk
=ACF  \\$aPrevious Copyright Fee: GBP17.50$c0$e01-jan-2018$fGBP17.50$g0$hC$5Uk
=ACF  \\$aPrevious Copyright Fee: GBP20.00$c0$e01-jan-2020$fGBP20.00$g0$hC$5Uk
=CAT  \\$aWR09-126
=CAT  \\$aIPL-CLA$c20111230$lBLL01$h1642
=CAT  \\$aBATCH-CLA$b00$c20120229$lBLL01$h1620
=CAT  \\$aIPL-CLA$c20120330$lBLL01$h1347
=CAT  \\$aBATCH-CLA$b00$c20120531$lBLL01$h1708
=CAT  \\$aIPL-CLA$c20120629$lBLL01$h0943
=CAT  \\$aBATCH-CLA$b00$c20120831$lBLL01$h1535
=CAT  \\$aIPL-CLA$c20120930$lBLL01$h1952
=CAT  \\$aBATCH-CLA$b00$c20121103$lBLL01$h1034
=CAT  \\$aBATCH-CLA$b00$c20130228$lBLL01$h1705
=CAT  \\$aWR13.005$c20130323$lBLL01$h1232
=CAT  \\$aIPL-CLA$c20130331$lBLL01$h1040
=CAT  \\$a540_fix$c20130403$lBLL01$h2002
=CAT  \\$aBATCH-CLA$b00$c20131129$lBLL01$h1647
=CAT  \\$aIPL-CLA$c20131231$lBLL01$h1825
=CAT  \\$aWR14_140$c20140905$lBLL01$h1709
=CAT  \\$aBATCH-CLA$b00$c20161130$lBLL01$h1632
=CAT  \\$aIPL-CLA$c20161230$lBLL01$h1752
=CAT  \\$aBATCH-CLA$b00$c20171130$lBLL01$h1703
=CAT  \\$aIPL-CLA$c20171231$lBLL01$h1329
=CAT  \\$aBATCH-CLA$b00$c20191129$lBLL01$h1618
=CAT  \\$aIPL-CLA$c20191231$lBLL01$h1704
=CAT  \\$aBATCH-CLA$b00$c20201126$lBLL01$h1408
=CAT  \\$aIPL-CLA$c20201231$lBLL01$h1859
=CAT  \\$aBATCH-CLA$b00$c20220601$lBLL01$h1544
=CAT  \\$aIPL-CLA$c20220630$lBLL01$h1656
=CFI  0\$aBritish Library not licensed to copy$c0$e01-jul-2022$hC$iCFP Excluded$5Uk
=CFI  2\$aPrevious Copyright Fee: GBP22.50$c0$e01-jan-2021$fGBP22.50$g0$hC$5Uk
=FIN  \\$aY
=FMT  \\$a  SE
=LAS  \\$aIPL-CLA$b00$c20220630$lBLL01$h1656
=LEO  \\$aMP5.0000016402
=LEO  \\$aMP10.0000207427
=LEO  \\$aMP22.0000069934
=LEO  \\$aMP25.0000360026
=SRC  \\$aBNB03$bbibmp5.200404.2.aa
=SRC  \\$aDSS01$bbibmp10.200404.2.aa
=SRC  \\$aISN01$bbibmp22.200404.2.aa
=SRC  \\$aSRI01$bbibmp25.200404.2.aa
=SSD  \\$a25500{dollar}aIssue 1 (Oct. 7, 2002)-; 50300{dollar}aContinues: CIS steel markets monthly; 74500{dollar}aCIS steel markets monthly{dollar}w1468-5159
=TCO  \\$aCLA$bCLA$c008

