=LDR  06449cas a2201429 a 4500
=001  007029651
=003  Uk
=005  20230210004010.0
=006  aac\\|||||||||||||
=007  ta
=008  030203c20029999enka|2p|||\\\||\\\a0eng\\
=015  \\$aGBA300833$2bnb
=019  y\$abA300833
=019  9\$abA300833
=019  c\$a3008848
=019  0\$as682435007
=022  0\$a1479-5043$202
=039  0\$a2721
=040  \\$aUk$cUk
=082  04$a333.70941$221
=084  \\$aBY 25$2blsrissc
=222  \0$aSustainable development UK
=245  00$aSustainable development UK.
=246  00$aSustainable development United Kingdom
=246  03$aSDUK
=260  \\$aManchester (St James's Buildings, Oxford St., Manchester M1 6PP) :$bPartnership Media Group Ltd,$c2002-
=300  \\$av. :$bcol. ill., col. ports. ;$c30 cm.
=310  \\$aQuarterly
=336  \\$atext$2rdacontent
=337  \\$aunmediated$2rdamedia
=338  \\$avolume$2rdacarrier
=362  0\$aNov. 2002-
=500  \\$aAlso entitled: SDUK.
=540  \\$aCurrent Copyright Fee: GBP25.00$c0$5Uk
=580  \\$aContinues: Green government.
=595  \\$aFORMERLY 4214.94175N.
=597  \\$aEnhanced$bSRIS DDC
=650  \0$aSustainable development$zGreat Britain$vPeriodicals.
=650  \0$aEnvironmental policy$zGreat Britain$vPeriodicals.
=650  \0$aEnvironmental economics$zGreat Britain$vPeriodicals.
=730  0\$aGreen government,$x1464-956X.
=780  00$tGreen government$x1464-956X
=852  71$aBritish Library$bSTI$k(P)$hBY 25$m-E(65)$2blsrissc$3Nov. (2002)-
=852  41$aBritish Library$bSTI$3NOV. 2002- *A=1
=886  2\$2blmarc$a092$b00$a8553.361570n
=945  \\$aSUSTAINABLE DEVELOPMENT UK.
=957  \\$a021101c
=979  \\$aBritish Library$bDSC$j8553.361570N$xNot selected;INCORRECT ISSN ON ISSUE= 1464-956X SAME AS FMLY SM
=A02  \\$a3008848
=ACF  \\$aPrevious Copyright Fee: GBP12.00$c0$e01-apr-2012$fGBP12.00$g0$hC$5Uk
=ACF  \\$aPrevious Copyright Fee: GBP12.00$c0$e01-jan-2012$fGBP12.00$g0$hC$5Uk
=ACF  \\$aPrevious Copyright Fee: GBP10.50$c0$e01-oct-2011$fGBP10.50$g0$hC$5Uk
=ACF  \\$aPrevious Copyright Fee: GBP10.50$c0$e01-jul-2011$fGBP10.50$g0$hC$5Uk
=ACF  \\$aPrevious Copyright Fee: GBP10.50$c0$e01-apr-2011$fGBP10.50$g0$hC$5Uk
=ACF  \\$aPrevious Copyright Fee: GBP10.50$c0$e01-jan-2011$fGBP10.50$g0$hC$5Uk
=ACF  \\$aPrevious Copyright Fee: GBP9.00$c0$e01-oct-2010$fGBP9.00$g0$hC$5Uk
=ACF  \\$aPrevious Copyright Fee: GBP9.00$c0$e01-jul-2010$fGBP9.00$g0$hC$5Uk
=ACF  \\$aPrevious Copyright Fee: GBP9.00$c0$e01-apr-2010$fGBP9.00$g0$hC$5Uk
=ACF  \\$aPrevious Copyright Fee: GBP9.00$c0$e01-Jan-2010$fGBP9.00$g0$hC$5Uk
=ACF  \\$aPrevious Copyright Fee: GBP6.00$c0$e01-oct-2009$fGBP6.00$g0$hC$5Uk
=ACF  \\$aPrevious Copyright Fee: GBP6.00$c0$e01-jul-2009$fGBP6.00$g0$hC$5Uk
=ACF  \\$aPrevious Copyright Fee: GBP6.00$c0$e01-apr-2009$fGBP6.00$g0$hC$5Uk
=ACF  \\$aPrevious Copyright Fee: GBP6.00$c0$e01-jan-2009$fGBP6.00$g0$hC$5Uk
=ACF  \\$aPrevious Copyright Fee: GBP6.00$c0$e01-oct-2008$fGBP6.00$g0$hC$5Uk
=ACF  \\$aPrevious Copyright Fee: GBP6.00$c0$e01-jul-2008$fGBP6.00$g0$hC$5Uk
=ACF  \\$aPrevious Copyright Fee: GBP6.00$c0$e01-apr-2008$fGBP6.00$g0$hC$5Uk
=ACF  \\$aPrevious Copyright Fee: GBP6.00$c0$e01-jan-2008$fGBP6.00$g0$hC$5Uk
=ACF  \\$aPrevious Copyright Fee: GBP5.00$c0$e01-oct-2007$fGBP5.00$g0$hC$5Uk
=ACF  \\$aPrevious Copyright Fee: GBP5.00$c0$e01-jul-2007$fGBP5.00$g0$hC$5Uk
=ACF  \\$aPrevious Copyright Fee: GBP5.00$c0$e01-apr-2007$fGBP5.00$g0$hC$5Uk
=ACF  \\$aPrevious Copyright Fee: GBP5.00$c0$e01-jan-2007$fGBP5.00$g0$hC$5Uk
=ACF  \\$aPrevious copyright fee: GBP5.00$c0$e12-dec-2002$fGBP5.00$g0$hA$5Uk
=ACF  \\$aPrevious Copyright Fee: GBP12.00$c0$e01-jul-2012$fGBP12.00$g0$hC$5Uk
=ACF  \\$aPrevious Copyright Fee: GBP12.00$c0$e01-oct-2012$fGBP12.00$g0$hC$5Uk
=ACF  \\$aPrevious Copyright Fee: GBP12.30$c0$e01-jan-2014$fGBP12.30$g0$hC$5Uk
=ACF  \\$aPrevious Copyright Fee: GBP15.00$c0$e01-jan-2017$fGBP15.00$g0$hC$5Uk
=ACF  \\$aPrevious Copyright Fee: GBP17.50$c0$e01-jan-2018$fGBP17.50$g0$hC$5Uk
=ACF  \\$aPrevious Copyright Fee: GBP20.00$c0$e01-jan-2020$fGBP20.00$g0$hC$5Uk
=ACF  \\$aPrevious Copyright Fee: GBP22.50$c0$e01-jan-2021$fGBP22.50$g0$hC$5Uk
=CAT  \\$aWR09-126
=CAT  \\$aBATCH-CLA$b00$c20110831$lBLL01$h1752
=CAT  \\$aIPL-CLA$c20110930$lBLL01$h1501
=CAT  \\$aBATCH-CLA$b00$c20111130$lBLL01$h1202
=CAT  \\$aIPL-CLA$c20111230$lBLL01$h1642
=CAT  \\$aBATCH-CLA$b00$c20120229$lBLL01$h1613
=CAT  \\$aIPL-CLA$c20120330$lBLL01$h1347
=CAT  \\$aBATCH-CLA$b00$c20120531$lBLL01$h1712
=CAT  \\$aIPL-CLA$c20120629$lBLL01$h0943
=CAT  \\$aBATCH-CLA$b00$c20120831$lBLL01$h1535
=CAT  \\$aIPL-CLA$c20120930$lBLL01$h1952
=CAT  \\$aBATCH-CLA$b00$c20121103$lBLL01$h1034
=CAT  \\$aWR13.005$c20130323$lBLL01$h1232
=CAT  \\$aBATCH-CLA$b00$c20131129$lBLL01$h1647
=CAT  \\$aIPL-CLA$c20131231$lBLL01$h1825
=CAT  \\$aWR14_140$c20140905$lBLL01$h1709
=CAT  \\$aBATCH-CLA$b00$c20161130$lBLL01$h1637
=CAT  \\$aIPL-CLA$c20161230$lBLL01$h1752
=CAT  \\$aBATCH-CLA$b00$c20171130$lBLL01$h1656
=CAT  \\$aIPL-CLA$c20171231$lBLL01$h1329
=CAT  \\$aBATCH-CLA$b00$c20191129$lBLL01$h1618
=CAT  \\$aIPL-CLA$c20191231$lBLL01$h1704
=CAT  \\$aBATCH-CLA$b00$c20201126$lBLL01$h1413
=CAT  \\$aIPL-CLA$c20201231$lBLL01$h1859
=CAT  \\$aBATCH-CLA$b00$c20221130$lBLL01$h1454
=CAT  \\$aIPL-CLA$c20221231$lBLL01$h1816
=CAT  \\$aBATCH-CLA$b00$c20230209$lBLL01$h1540
=CAT  \\$aIPL-CLA$c20230210$lBLL01$h0040
=CFI  0\$aCurrent Copyright Fee: GBP25.00$c0$e09-feb-2023$fGBP25.00$g0$hC$5Uk
=CFI  2\$aBritish Library not licensed to copy$c0$e01-jan-2023$hC$iCFP Excluded$5Uk
=FIN  \\$aY
=FMT  \\$a  SE
=LAS  \\$aIPL-CLA$b00$c20230210$lBLL01$h0040
=LEO  \\$aMP5.0000017200
=LEO  \\$aMP10.0000561708
=LEO  \\$aMP22.0000070388
=LEO  \\$aMP25.0000360506
=SRC  \\$aBNB03$bbibmp5.200404.2.aa
=SRC  \\$aDSS01$bbibmp10.200404.2.aa
=SRC  \\$aISN01$bbibmp22.200404.2.aa
=SRC  \\$aSRI01$bbibmp25.200404.2.aa
=SSD  \\$a25500{dollar}aNov. 2002-; 50300{dollar}aContinues: Green government; 74500{dollar}aGreen government{dollar}w1464-956x; 74510{dollar}aSDUK
=TCO  \\$aCLA$bCLA$c008

