=LDR  04161cas a2201081 a 4500
=001  007073706
=003  Uk
=005  20221231181737.0
=007  ta
=008  980706c19979999enka|2p|||\\\||\\\a0eng\\
=015  \\$aGB9849469$2bnb
=019  y\$ab9849469
=019  9\$ab9849469
=019  c\$a2574410
=019  0\$as640055001
=022  0\$a1463-6573$202
=039  0\$a2498
=040  \\$aUk$cUk
=082  04$a338.47641302094105$221
=084  \\$aHQ 90$2blsrissc
=210  0\$aOrg. food news UK
=222  \0$aOrganic food news UK
=245  00$aOrganic food news UK :$ba Soil Association news service supported by organic industry sponsors.
=246  00$aOrganic food news United Kingdom
=260  \\$aBristol (Bristol House, 40-56 Victoria St., Bristol BS1 6BY) :$bSoil Association,$c1997-
=300  \\$av. ;$c30cm.
=310  \\$aMonthly
=336  \\$atext$2rdacontent
=337  \\$aunmediated$2rdamedia
=338  \\$avolume$2rdacarrier
=362  0\$aNo.1 ([Sept?] 1997)-
=500  \\$aDescription based on: No.7 (Mar. 1998)
=540  \\$aCurrent Copyright Fee: GBP25.00$c0$5Uk
=597  \\$aEnhanced$bSRIS DDC
=650  \0$aNatural foods industry$zGreat Britain$xPeriodicals.
=690  7\$aManagement and Business Studies$2blcoll
=710  2\$aSoil Association.
=852  41$aBritish Library$bSTI$3ISS. 7, 1998- *A=1
=852  71$aBritish Library$bSTI$k(P)$hHQ 90$m-E(2)$2blsrissc$31997- ; No.1-
=886  2\$2blmarc$a092$b00$a6288.001300n
=945  \\$aORGANIC FOOD NEWS UK.
=957  \\$a980616c
=979  \\$aBritish Library$bDSC$j6288.001300N
=A02  \\$a2574410
=ACF  \\$aPrevious copyright fee: GBP5.00$c0$e01-jul-2002$fGBP5.00$g0$hC$5Uk
=ACF  \\$aCurrent copyright fee: GBP4.40$c0$e10-nov-1998$fGBP4.40$g0$hA$5Uk
=ACF  \\$aPrevious copyright fee: GBP10.50$c0$e01-jan-2011$fGBP10.50$g0$hA$5Uk
=ACF  \\$aPrevious copyright fee: GBP12.00$c0$e01-jan-2012$fGBP12.00$g0$hA$5Uk
=ACF  \\$aPrevious Copyright Fee: GBP12.30$c0$e01-jan-2014$fGBP12.30$g0$hA$5Uk
=ACF  \\$aPrevious Copyright Fee: GBP15.00$c0$e01-jan-2017$fGBP15.00$g0$hA$5Uk
=ACF  \\$aPrevious Copyright Fee: GBP17.50$c0$e01-jan-2018$fGBP17.50$g0$hA$5Uk
=ACF  \\$aPrevious Copyright Fee: GBP20.00$c0$e01-jan-2020$fGBP20.00$g0$hA$5Uk
=CAT  \\$aBATCH$b00$c20090517$lBLL01$h1804
=CAT  \\$aWR09-126
=CAT  \\$aBATCH-UPD$b00$c20090904$lBLL01$h1705
=CAT  \\$aBATCH$b00$c20091118$lBLL01$h2236
=CAT  \\$aBATCH$b00$c20091207$lBLL01$h0327
=CAT  \\$aBATCH$b00$c20091214$lBLL01$h0159
=CAT  \\$aBATCH$b00$c20091216$lBLL01$h0033
=CAT  \\$aBATCH-UPD$b00$c20101201$lBLL01$h1207
=CAT  \\$aIPL-CLA$c20101231$lBLL01$h1139
=CAT  \\$aWR11_203$c20111204$lBLL01$h1242
=CAT  \\$aIPL-CLA$c20111230$lBLL01$h1643
=CAT  \\$aBATCH-CLA$b00$c20121103$lBLL01$h1034
=CAT  \\$aWR13.005$c20130323$lBLL01$h1233
=CAT  \\$aBATCH-CLA$c20131213$lBLL01$h1954
=CAT  \\$aIPL-CLA$c20131231$lBLL01$h1826
=CAT  \\$aWR14_140$c20140905$lBLL01$h1711
=CAT  \\$aBATCH-CLA$b00$c20161222$lBLL01$h1650
=CAT  \\$aIPL-CLA$c20161230$lBLL01$h1753
=CAT  \\$aBATCH-CLA$b00$c20171222$lBLL01$h1944
=CAT  \\$aIPL-CLA$c20171231$lBLL01$h1330
=CAT  \\$aBATCH-CLA$b00$c20191219$lBLL01$h1615
=CAT  \\$aIPL-CLA$c20191231$lBLL01$h1705
=CAT  \\$aBATCH-CLA$b00$c20201204$lBLL01$h1410
=CAT  \\$aIPL-CLA$c20201231$lBLL01$h1900
=CAT  \\$aBATCH-CLA$b00$c20221221$lBLL01$h1713
=CAT  \\$aIPL-CLA$c20221231$lBLL01$h1817
=CFI  0\$aCurrent Copyright Fee: GBP25.00$c0$e01-jan-2023$fGBP25.00$g0$hA$5Uk
=CFI  2\$aPrevious Copyright Fee: GBP22.50$c0$e01-jan-2021$fGBP22.50$g0$hA$5Uk
=FIN  \\$aY
=FMT  \\$a  SE
=LAS  \\$aIPL-CLA$b00$c20221231$lBLL01$h1817
=LEO  \\$aMP5.0001500580
=LEO  \\$aMP10.0000424042
=LEO  \\$aMP22.0000058956
=LEO  \\$aMP25.0000323583
=SRC  \\$aBNB03$bbibmp5.200404.2.ac
=SRC  \\$aDSS01$bbibmp10.200404.2.aa
=SRC  \\$aISN01$bbibmp22.200404.2.aa
=SRC  \\$aSRI01$bbibmp25.200404.2.aa
=SSD  \\$a25500{dollar}aNo.1 ([Sept?] 1997)-
=TCO  \\$aCLA$bCLA$c008

