=LDR  03918cas a2200997 a 4500
=001  007075065
=003  Uk
=005  20221231181744.0
=007  ta
=008  990128c19989999enka|\\\\\\\\\0\\\a0eng\\
=015  \\$aGB9911401$2bnb
=019  c\$a2578192
=019  y\$ab9911401
=019  9\$ab9911401
=019  0\$as645208000
=039  0\$a2527
=040  \\$aUk$cUk$dUk
=082  04$a629.222$221
=084  \\$aAA 772$2blsrissc
=245  00$aClassic & sports car.$pOwner's bible.
=246  30$aClassic and sportscar
=246  17$aClassic owner's bible
=260  \\$a[Teddington] :$bHaymarket Specialist Motoring Publications,$c[1998?]-
=300  \\$av. ;$c15 cm.
=336  \\$atext$2rdacontent
=337  \\$aunmediated$2rdamedia
=338  \\$avolume$2rdacarrier
=362  0\$a[1998?]-
=540  \\$aCurrent Copyright Fee: GBP25.00$c0$5Uk
=650  \0$aSports cars$xDirectories.
=650  \0$aAntique and classic cars$xDirectories.
=650  \0$aSports cars$xPurchasing$xDirectories.
=650  \0$aAntique and classic cars$xPurchasing$xDirectories.
=772  0\$tClassic and sportscar$x0263-3183
=780  00$tClassic and sportscar. Directory
=852  71$aBritish Library$bSTI$cRES$k(XP)$hAA 772$m-E(14)$2blsrissc$31998.
=852  49$aBritish Library$bDSC$3For DSC stock see in 3274.503200
=957  \\$a990112c
=985  \\$aRecord merged by DQ team
=ACF  \\$aPrevious Copyright Fee: GBP6.00$c0$e01-oct-2008$fGBP6.00$g0$hC$5Uk
=ACF  \\$aPrevious copyright fee: GBP10.50$c0$e01-jan-2011$fGBP10.50$g0$hA$5Uk
=ACF  \\$aPrevious copyright fee: GBP12.00$c0$e01-jan-2012$fGBP12.00$g0$hA$5Uk
=ACF  \\$aPrevious Copyright Fee: GBP12.30$c0$e01-jan-2014$fGBP12.30$g0$hA$5Uk
=ACF  \\$aPrevious Copyright Fee: GBP15.00$c0$e01-jan-2017$fGBP15.00$g0$hA$5Uk
=ACF  \\$aPrevious Copyright Fee: GBP17.50$c0$e01-jan-2018$fGBP17.50$g0$hA$5Uk
=ACF  \\$aPrevious Copyright Fee: GBP20.00$c0$e01-jan-2020$fGBP20.00$g0$hA$5Uk
=CAT  \\$aCONV$b00$c20040425$lBLL90$h0616
=CAT  \\$a8456$b40$c20080428$lBLL01$h1253
=CAT  \\$aBATCH-CLA$b00$c20080829$lBLL01$h1824
=CAT  \\$aBATCH-UPD$b00$c20080930$lBLL01$h2312
=CAT  \\$aBATCH$b00$c20081001$lBLL01$h0031
=CAT  \\$aBATCH$b00$c20091207$lBLL01$h0327
=CAT  \\$aBATCH-UPD$b00$c20101201$lBLL01$h1207
=CAT  \\$aIPL-CLA$c20101231$lBLL01$h1139
=CAT  \\$aWR11_203$c20111204$lBLL01$h1242
=CAT  \\$aIPL-CLA$c20111230$lBLL01$h1643
=CAT  \\$aBATCH-CLA$b00$c20121103$lBLL01$h1033
=CAT  \\$aBATCH-CLA$c20131213$lBLL01$h1954
=CAT  \\$aIPL-CLA$c20131231$lBLL01$h1826
=CAT  \\$aWR14_140$c20140905$lBLL01$h1712
=CAT  \\$aBATCH-CLA$b00$c20161222$lBLL01$h1650
=CAT  \\$aIPL-CLA$c20161230$lBLL01$h1753
=CAT  \\$aBATCH-CLA$b00$c20171222$lBLL01$h1944
=CAT  \\$aIPL-CLA$c20171231$lBLL01$h1330
=CAT  \\$a8323$b40$c20180629$lBLL01$h1405
=CAT  \\$aBATCH-CLA$b00$c20191219$lBLL01$h1615
=CAT  \\$aIPL-CLA$c20191231$lBLL01$h1705
=CAT  \\$aR2001-1524$c20200127$lBLL01$h1920
=CAT  \\$aBATCH-CLA$b00$c20201204$lBLL01$h1410
=CAT  \\$aIPL-CLA$c20201231$lBLL01$h1900
=CAT  \\$aBATCH-CLA$b00$c20221221$lBLL01$h1713
=CAT  \\$aIPL-CLA$c20221231$lBLL01$h1817
=CFI  0\$aCurrent Copyright Fee: GBP25.00$c0$e01-jan-2023$fGBP25.00$g0$hA$5Uk
=CFI  2\$aPrevious Copyright Fee: GBP22.50$c0$e01-jan-2021$fGBP22.50$g0$hA$5Uk
=FIN  \\$aY
=FMT  \\$a  SE
=LAS  \\$aIPL-CLA$b00$c20221231$lBLL01$h1817
=LEO  \\$aMP10.0000149305
=LEO  \\$aMP5.0001506238
=LEO  \\$aMP25.0000328205
=LKR  \\$aPAR$b008909220$lBLL01$r78000$mClassic and sportscar. Owner's bible.$nClassic and sportscar. Directory
=SRC  \\$aDSS01$bbibmp10.200404.2.aa
=SRC  \\$aDSS03$bbibsr.200404.2.aa
=SRC  \\$aBNB03$bbibmp5.200404.2.ac
=SRC  \\$aSRI01$bbibmp25.200404.2.aa
=TCO  \\$aCLA$bCLA$c008

