=LDR  04158 as a2200901ua 4500
=001  005400231
=003  Uk
=005  20071107150604.0
=007  ta
=008  040409d19791990un\u|\p\\\\\\\0\\\c0rus\\
=019  c\$a2211578
=019  0\$as40704700x
=022  0\$a0201-8446$y0868-8044
=040  \\$aUk$cUk$dUk
=210  0\$aDokl. Akad. nauk Ukr. SSR, Ser. A Fiz.-mat. teh. nauki
=222  \0$aDoklady Akademii nauk Ukrainskoj SSR. Seriâ A, Fiziko-matematičeskie i tehničeskie nauki
=245  00$aDoklady Akademii nauk Ukrainskoj SSR. Seriâ A, Fiziko-matematičeskie i tehničeskie nauki.
=260  \\$aKiev:$bNaukova Dumka.
=300  \\$c26 cm.
=310  \\$aMonthly
=336  \\$atext$2rdacontent
=337  \\$aunmediated$2rdamedia
=338  \\$avolume$2rdacarrier
=500  \\$aFrom 1991, issued by the Akademiia nauk Ukrainy.
=540  \\$aBritish Library not licensed to copy$c0$5Uk
=546  \\$aSummaries in English.
=710  2\$aAkademii︠a︡ nauk Ukraïnsʹkoï RSR.
=780  00$tDopovìdì Akademìï nauk Ukraïnsʹkoï RSR. Serìâ A, Fìziko-tehnìčni ta matematičnì nauki$x0002-3531
=785  17$tDoklady Akademii nauk Ukrainskoj SSR. Seriâ B, Geologičeskie, himičeskie i biologičeskie nauki$x0201-8454
=785  17$tDoklady Akademii nauk Ukrainskoj SSR$x0868-8044
=852  71$aBritish Library$bSTI$k(P)$hJA 00$m-R(18)$2blsrissc$31980, [no.]3 - 1991. ; Set incomplete
=852  49$aBritish Library$bDSC$3See shelfmark 0055.910000 for 1979-1990
=985  \\$aRecord merged by DQ team
=A02  \\$a2211578
=ACF  \\$aPrevious Copyright Fee: GBP1.25$c0$e01-jul-2009$fGBP1.25$g0$hC$5Uk
=ACF  \\$aPrevious Copyright Fee: GBP1.25$c0$e01-apr-2009$fGBP1.25$g0$hC$5Uk
=ACF  \\$aPrevious Copyright Fee: GBP1.09$c0$e01-jan-2009$fGBP1.09$g0$hC$5Uk
=ACF  \\$aPrevious Copyright Fee: GBP0.88$c0$e01-oct-2008$fGBP0.88$g0$hC$5Uk
=ACF  \\$aPrevious Copyright Fee: GBP0.88$c0$e01-jul-2008$fGBP0.88$g0$hC$5Uk
=ACF  \\$aPrevious Copyright Fee: GBP0.85$c0$e01-apr-2008$fGBP0.85$g0$hC$5Uk
=ACF  \\$aPrevious Copyright Fee: GBP0.88$c0$e01-jan-2008$fGBP0.88$g0$hC$5Uk
=CAT  \\$aCONV$b00$c20040502$lBLL01$h1100
=CAT  \\$aBATCH-UPD$b00$c20080920$lBLL01$h0154
=CAT  \\$aBATCH-UPD$b00$c20080930$lBLL01$h2135
=CAT  \\$aBATCH-UPD$b00$c20080930$lBLL01$h2306
=CAT  \\$aBATCH$b00$c20081001$lBLL01$h0026
=CAT  \\$aBATCH-CLA$b00$c20081128$lBLL01$h1728
=CAT  \\$aBATCH-CLA$b00$c20081128$lBLL01$h1750
=CAT  \\$aBATCH-UPD$b00$c20081231$lBLL01$h2147
=CAT  \\$aBATCH-UPD$b00$c20081231$lBLL01$h2342
=CAT  \\$aBATCH$b00$c20090101$lBLL01$h0111
=CAT  \\$aBATCH-CLA$b00$c20090227$lBLL01$h1629
=CAT  \\$aBATCH-CLA$b00$c20090227$lBLL01$h1651
=CAT  \\$aBATCH-UPD$b00$c20090331$lBLL01$h2152
=CAT  \\$aBATCH-UPD$b00$c20090331$lBLL01$h2332
=CAT  \\$aBATCH$b00$c20090401$lBLL01$h0101
=CAT  \\$aBATCH-CLA$b00$c20090529$lBLL01$h1706
=CAT  \\$aBATCH-CLA$b00$c20090529$lBLL01$h1728
=CAT  \\$aBATCH-UPD$b00$c20090701$lBLL01$h1932
=CAT  \\$aBATCH-UPD$b00$c20090701$lBLL01$h2020
=CAT  \\$aBATCH$b00$c20090701$lBLL01$h2043
=CAT  \\$aBATCH$b00$c20091205$lBLL01$h2332
=CAT  \\$aBATCH-UPD$b00$c20101201$lBLL01$h1157
=CAT  \\$aIPL-CLA$c20101231$lBLL01$h1116
=CAT  \\$aBATCH-UPD$b00$c20110907$lBLL01$h1745
=CAT  \\$aIPL-CLA$c20110908$lBLL01$h1656
=CAT  \\$aBATCH-CLA$b00$c20121102$lBLL01$h1756
=CFI  0\$aBritish Library not licensed to copy$c0$e07-sep-2011$hC$iTX$5Uk
=CFI  2\$aPrevious copyright fee: GBP10.50$c0$e01-jan-2011$fGBP10.50$g0$hA$5Uk
=FIN  \\$aY
=FMT  \\$a  SE
=LAS  \\$aBATCH-CLA$b00$c20121102$lBLL01$h1756
=LEO  \\$aMP25.0000189009
=LEO  \\$aMP10.0000004888
=LKR  \\$aPAR$b008518852$lBLL01$r78000$mDoklady Akademii nauk Ukrainskoj SSR. Seriâ A, Fiziko-matematičeskie i tehničeskie nauki$nDopovidi Akademiï nauk Ukraïnsʹkoï RSR. Serâ A, Fiziko-tehnični ta matematični nauki
=SRC  \\$aSRI01$bbibmp25.200404.2.aa
=SRC  \\$aDSS01$bbibmp10.200404.2.aa
=TCO  \\$aXXX$c008

