=LDR  01602 as a2200457 a 4500
=001  005403933
=003  Uk
=005  20080423093742.0
=007  ta
=008  040409d19uu19uuru\\x\p\\\\\\\0\\\c0rus\\
=019  c\$a2197540
=019  0\$as079409008
=040  \\$aUk$cUk$dUk
=084  \\$aUG 00$2blsrissc
=245  00$aTrudy - Leningradskiĭ industrialʹnyĭ institut.$pRazdel ėnergomashinostroenii︠a︡ i teplotekhniki.
=260  \\$aLeningrad :$bInstitut,
=300  \\$c26 cm.
=336  \\$atext$2rdacontent
=337  \\$aunmediated$2rdamedia
=338  \\$avolume$2rdacarrier
=650  \0$aTechnology$zSoviet Union$xPeriodicals.
=710  2\$aLeningradskiĭ industrialʹnyĭ institut.
=852  71$aBritish Library$bSTI$k(P)$hUG 00$m-R(1)$2blsrissc$31937-1938; 1937, vyp.1 ; 1938, vyp.1.
=852  49$aBritish Library$bDSC$3For DSC stock SEE TRUDY 0317.200000
=985  \\$aRecord merged by DQ team
=A02  \\$a2197540
=ACF  \\$aCurrent copyright fee: GBP4.20$c0$e01-apr-1997$fGBP4.20$g0$hA$5Uk
=CAT  \\$aCONV$b00$c20040502$lBLL01$h1100
=CAT  \\$a8456$b40$c20080423$lBLL01$h0937
=CAT  \\$aBATCH$b00$c20091205$lBLL01$h2333
=CAT  \\$aBATCH-CLA$b00$c20121102$lBLL01$h1756
=CAT  \\$aBATCH-UPD$b00$c20160923$lBLL01$h1734
=CFI  2\$aCurrent copyright fee: GBP4.40$c0$e01-jul-1998$fGBP4.40$g0$hA$5Uk
=FIN  \\$aY
=FMT  \\$a  SE
=LAS  \\$aBATCH-UPD$b00$c20160923$lBLL01$h1734
=LEO  \\$aMP25.0000009732
=LEO  \\$aMP10.0000020771
=SRC  \\$aSRI01$bbibmp25.200404.2.aa
=SRC  \\$aDSS01$bbibmp10.200404.2.aa
=TCO  \\$aXXX$c008

