=LDR  04634 as a2200997 a 4500
=001  005406294
=003  Uk
=005  20201124181233.0
=007  ta
=008  040409d19471956sw\\x\m\\\\\\\0\\\a0eng\\
=019  c\$a2013533
=019  0\$as094506000
=022  0\$a0375-8362
=040  \\$aUk$cUk$dUk
=041  0\$aeng$ager
=084  \\$aJB 00$2blsrissc
=222  \0$aActa polytechnica. Chemistry including metallurgy series
=245  00$aActa polytechnica.$pChemistry including metallurgy series.
=246  10$aChemistry including metallurgy series
=260  \\$aStockholm, Sweden :$bRoyal Swedish Academy of Engineering Sciences,$c1947-1956.
=300  \\$a4 v. :$bill ;$c26 cm.
=336  \\$atext$2rdacontent
=337  \\$aunmediated$2rdamedia
=338  \\$avolume$2rdacarrier
=362  0\$aVol. 1, nr. 1-v. 4, nr. 13.
=500  \\$aFrom 1954 only those issues taken which are not held elsewhere in the Library.
=540  \\$aBritish Library not licensed to copy$c0$5Uk
=550  \\$aPublished by The Royal Swedish Academy of Engineering Sciences in collaboration with other Swedish technical societies and institutions.
=580  \\$aMost contributions are issued also in various series published by the collaborating organizations: Ingeniörsvetenskapsakademiens handlingar; Kungl. Tekniska högskolans handlingar; Chalmers tekniska högskolas handlingar, Tekniska skrifter, and Svenska forskningsinstitutet för cement och betong handlingar.
=650  \0$aChemical engineering.
=650  \0$aMetallurgy.
=710  2\$aIngenjörsvetenskapsakademien (Sweden)
=785  00$tActa polytechnica Scandinavica. Chemistry including metallurgy series$x0001-6853
=787  0\$tIngeniörsvetenskapsakademiens handlingar
=787  0\$tKungl. Tekniska högskolans handlingar
=787  0\$tChalmers tekniska högskolas handlingar
=787  0\$tTekniska skrifter
=787  0\$tSvenska forskningsinstitutet för cement och betong handlingar
=852  71$aBritish Library$bSTI$k(P)$hJB 00$m-E(76)$2blsrissc$3Vol.2, 1950-vol.4, nr.13, 1956
=852  49$aBritish Library$bDSC$3See shelfmark 0661.000000
=985  \\$aRecord merged by DQ team
=985  \\$aUpgraded by BSS-generated file for WR2011-1473
=A02  \\$a2013533
=ACF  \\$aBritish Library not licensed to copy$c0$e01-apr-2012$hC$iCLA Excluded$5Uk
=ACF  \\$aBritish Library not licensed to copy$c0$e01-jan-2012$hC$iCLA Excluded$5Uk
=ACF  \\$aBritish Library not licensed to copy$c0$e01-oct-2011$hC$iCLA Excluded$5Uk
=ACF  \\$aCurrent copyright fee: GBP4.40$c0$e01-jul-1998$fGBP4.40$g0$hA$5Uk
=ACF  \\$aCurrent copyright fee: GBP4.20$c0$e01-apr-1997$fGBP4.20$g0$hA$5Uk
=ACF  \\$aBritish Library not licensed to copy$c0$e01-jul-2012$hC$iCLA Excluded$5Uk
=ACF  \\$aBritish Library not licensed to copy$c0$e01-oct-2012$hC$iCFP Excluded$5Uk
=ACF  \\$aBritish Library not licensed to copy$c0$e01-jan-2013$hC$iCFP Excluded$5Uk
=CAT  \\$aCONV$b00$c20040502$lBLL01$h1100
=CAT  \\$a8456$b40$c20080612$lBLL01$h1538
=CAT  \\$aBATCH$b00$c20091205$lBLL01$h2334
=CAT  \\$a8201$b40$c20100302$lBLL01$h1546
=CAT  \\$aBATCH-CLA$b00$c20110831$lBLL01$h1800
=CAT  \\$aIPL-CLA$c20110930$lBLL01$h1457
=CAT  \\$aBATCH-CLA$b00$c20111130$lBLL01$h1155
=CAT  \\$aIPL-CLA$c20111230$lBLL01$h1623
=CAT  \\$aBATCH-CLA$b00$c20120229$lBLL01$h1556
=CAT  \\$aIPL-CLA$c20120330$lBLL01$h1344
=CAT  \\$aBATCH-CLA$b00$c20120531$lBLL01$h1716
=CAT  \\$aIPL-CLA$c20120629$lBLL01$h0939
=CAT  \\$aBATCH-CLA$b00$c20120831$lBLL01$h1546
=CAT  \\$aIPL-CLA$c20120930$lBLL01$h1945
=CAT  \\$aBATCH-CLA$b00$c20121102$lBLL01$h1755
=CAT  \\$aWR12_128$c20121113$lBLL01$h1839
=CAT  \\$aBATCH-CLA$b00$c20121130$lBLL01$h1238
=CAT  \\$aIPL-CLA$c20121231$lBLL01$h1235
=CAT  \\$aIPL-CLA$c20130102$lBLL01$h1628
=CAT  \\$aBATCH-CLA$b00$c20130228$lBLL01$h1710
=CAT  \\$aIPL-CLA$c20130331$lBLL01$h1038
=CAT  \\$a540_fix$c20130403$lBLL01$h2000
=CAT  \\$aBATCH-CLA$b00$c20130531$lBLL01$h1649
=CAT  \\$aIPL-CLA$c20130630$lBLL01$h2156
=CAT  \\$aW2011-1473$b00$c20201124$lBLL01$h1812
=CFI  0\$aBritish Library not licensed to copy$c0$e01-jul-2013$hC$iCFP Excluded$5Uk
=CFI  2\$aBritish Library not licensed to copy$c0$e01-apr-2013$hC$iCFP Excluded$5Uk
=FIN  \\$aY
=FMT  \\$a  SE
=LAS  \\$aW2011-1473$b00$c20201124$lBLL01$h1812
=LEO  \\$aMP25.0000013592
=LEO  \\$aMP10.0000030735
=SRC  \\$aSRI01$bbibmp25.200404.2.aa
=SRC  \\$aDSS01$bbibmp10.200404.2.aa
=TCO  \\$aXXX$c008

