=LDR  02382 as a2200529 a 4500
=001  005411088
=003  Uk
=005  20071218155803.0
=007  ta
=008  040409d19651965fr\a|\p\\\\\\\0\\\b0fre\\
=010  \\$a98648848
=019  c\$a2019410
=022  \\$a0150-6757
=040  \\$aUk$cUk$dUk
=084  \\$aER 00$2blsrissc
=210  0\$aAnn. sci. Univ. Besançon, Zool. physiol. anim.
=222  \0$aAnnales scientifiques de l'Université de Besançon. Zoologie et physiologie animale
=245  00$aAnnales scientifiques de l'Université de Besançon.$pZoologie et physiologie animale.
=246  30$aZoologie et physiologie animale
=260  \\$aBesançon :$bInstitut des sciences naturelles,$c1965.
=300  \\$a1 v. :$bill. ;$c26 cm.
=310  \\$aAnnual
=336  \\$atext$2rdacontent
=337  \\$aunmediated$2rdamedia
=338  \\$avolume$2rdacarrier
=362  0\$a3e sér., fasc. 1.
=580  \\$aSplit into: Annales scientifiques de l'Université de Besançon. Zoologie (1966), and: Annales scientifiques de l'Université de Besançon. Physiologie et biologie animale.
=650  \0$aZoology$vPeriodicals.
=710  2\$aUniversité de Besançon.$bInstitut des sciences naturelles.
=780  00$tAnnales scientifiques de l'Université de Besançon. Zoologie et physiologie (1964)$x0150-6765
=785  16$tAnnales scientifiques de l'Université de Besançon. Zoologie (1966)$x0373-4226
=785  16$tAnnales scientifiques de l'Université de Besançon. Physiologie et biologie animale$x0374-5848
=852  71$aBritish Library$bSTI$k(P)$hER 00$m-F(21)$2blsrissc$3sér.3, fasc.1, 1965
=852  49$aBritish Library$bDSC$3See shelfmark 1001.000000 for sér.3, fasc.1, 1965
=985  \\$aRecord enhanced by DQ team
=A02  \\$a2019410
=CAT  \\$aCONV$b00$c20040502$lBLL01$h1100
=CAT  \\$a8456$b40$c20071218$lBLL01$h1558
=CAT  \\$aBATCH-UPD$b40$c20081225$lBLL01$h2306
=CAT  \\$aBATCH$b00$c20091205$lBLL01$h2336
=FIN  \\$aY
=FMT  \\$a  SE
=LAS  \\$aBATCH$b00$c20091205$lBLL01$h2336
=LEO  \\$aMP10.0000049932
=LKR  \\$aPAR$b009833348$lBLL01$r78000$mAnnales scientifiques de l'Université de Besançon. Zoologie et physiologie animale$nAnnales scientifiques de l'Université de Besançon. Zoologie et physiologie (1964)
=SRC  \\$aDSS01$bbibmp10.200404.2.aa
=TCO  \\$aFRA$bCFC$c008

