=LDR  02998 as a2200697 a 4500
=001  005415912
=003  Uk
=005  20180803133136.0
=007  ta
=008  890929d19812003sz\tr\p\\\\\\\0\\\b0fre\d
=010  \\$a91643445$zsn 90017230
=019  c\$a2536510
=022  \\$a0252-9289
=035  \\$a(OCoLC)ocm20411797
=040  \\$aCoG$cCoG$dICRL$dNST$dDLC$dMCM$dWaU$dDNLM$dOCoLC$dGU$dUk
=041  0\$afre$aeng
=042  \\$alc
=050  00$aQ67$b.A73
=082  04$a505$222
=222  \0$aArchives des sciences et compte rendu des séances de la Société
=245  00$aArchives des sciences et compte rendu des séances de la Société /$cédités par la Société de physique et d'histoire naturelle de Genève.
=246  30$aCompte rendu des séances de la Société
=246  18$aArchives des sciences
=260  \\$aGenève :$bLa Société,$c[1981-2003].
=300  \\$av. :$bill. (some col.) ;$c23 cm.
=310  \\$aThree issues a year
=336  \\$atext$2rdacontent
=337  \\$aunmediated$2rdamedia
=338  \\$avolume$2rdacarrier
=362  0\$aVol. 34, fasc. 1 (janv.-avril 1981)-
=362  1\$aCeased with v. 56, fasc. 3 (déc. 2003).
=500  \\$aLatest issue consulted: Vol. 56, fasc. 3 (déc. 2003).
=546  \\$aText in French and English.
=580  \\$aFormed by the union of: Archives des sciences, and: Compte rendu des séances de la Société de physique et d'histoire naturelle de Genève (1966).
=595  \\$aSEE 1642.00.
=610  20$aSociété de physique et d'histoire naturelle de Genève$vPeriodicals.
=650  \0$aScience$vPeriodicals.
=650  \0$aNatural history$vPeriodicals.
=710  2\$aSociété de physique et d'histoire naturelle de Genève.
=780  14$tArchives des sciences$x0003-9705
=780  14$tCompte rendu des séances de la Société de physique et d'histoire naturelle de Genève (1966)
=785  00$tArchives des sciences (2004)$x1661-464X
=852  71$aBritish Library$bSTI$k(P)$hBX 80$m-F(58)$2blsrissc$31948- ; Vol.1-
=852  49$aBritish Library$bDSC$3See shelfmark 1642.000000
=945  \\$aARCHIVES DES SCIENCES ET COMPTE RENDU DES SEANCES DE LA SOCIETE.
=A02  \\$a2536510
=CAT  \\$aCONV$b00$c20040502$lBLL01$h1100
=CAT  \\$aBATCH$b00$c20091205$lBLL01$h2338
=CAT  \\$a8201$b40$c20100303$lBLL01$h0944
=CAT  \\$aBATCH-UPD$b40$c20100911$lBLL01$h1904
=CAT  \\$aWR13.005$c20130323$lBLL01$h1526
=CAT  \\$a8874$b40$c20180803$lBLL01$h1331
=FIN  \\$aY
=FMT  \\$a  SE
=LAS  \\$a8874$b40$c20180803$lBLL01$h1331
=LEO  \\$aMP10.0000073783
=LKR  \\$aPAR$b015501252$lBLL01$r78014$mArchives des sciences et compte rendu des séances de la Société$nArchives des sciences
=LKR  \\$aPAR$b010465083$lBLL01$r78500$mArchives des sciences et compte rendu des séances de la Société$nArchives des sciences.
=SID  \\$aZ39$bLOC
=SRC  \\$aDSS01$bbibmp10.200404.2.aa
=TCO  \\$aCHE$bPRO LITTERIS$c008

