=LDR  02682 as a2200577 a 4500
=001  005421359
=003  Uk
=005  20080616154415.0
=007  ta
=008  040409d19751975enkux\\\\\b\\\0\\\a0eng\\
=019  c\$a2198178
=019  0\$as147514002
=040  \\$aUk$cUk$dUk
=082  04$a016.547137$218
=084  \\$aLG 46$2blsrissc
=245  00$aBibliography of electrophoresis ... and survey of applications.
=260  \\$aAmsterdam ;$aOxford :$bElsevier,$c1975.
=300  \\$c25 cm.
=336  \\$atext$2rdacontent
=337  \\$aunmediated$2rdamedia
=338  \\$avolume$2rdacarrier
=362  0\$a1968/72.
=490  1\$aJournal of chromatography. Supplementary volume ;$vno.4
=520  \\$aReferences to literature published between Jan., 1968, and Dec., 1972, on electrophoretic procedures. Citations derived primarily from over 90 journals of all countries. Intended to provide information on both methodological progress and applications. Chemical abstracts, Analytical abstracts, and Index chemicus also used as sources. Classified arrangement corresponding generally to that used by Journal of chromatography. Numbered entries include bibliographical information, as well as occasional compounds or procedures described in article. Author index; List of compounds electrophoresed.
=650  \0$aElectrophoresis$vBibliography.
=830  \0$aJournal of chromatography.$pSupplementary volume ;$vno.4
=852  71$aBritish Library$bSTI$k(A)$hLG 46$m-E(2)$2blsrissc$31968/72
=852  49$aBritish Library$bDSC$3See shelfmark 4958.350100 for No.4
=985  \\$aRecord merged by DQ team
=A02  \\$a2198178
=ACF  \\$aCurrent copyright fee: GBP4.20$c0$e01-apr-1997$fGBP4.20$g0$hA$5Uk
=CAT  \\$aCONV$b00$c20040502$lBLL01$h1100
=CAT  \\$a8456$b40$c20080616$lBLL01$h1340
=CAT  \\$a8456$b40$c20080616$lBLL01$h1348
=CAT  \\$a8456$b40$c20080616$lBLL01$h1402
=CAT  \\$a8456$b40$c20080616$lBLL01$h1458
=CAT  \\$a8456$b40$c20080616$lBLL01$h1542
=CAT  \\$a8456$b40$c20080616$lBLL01$h1544
=CAT  \\$aBATCH$b00$c20091205$lBLL01$h2341
=CAT  \\$aBATCH$b00$c20091216$lBLL01$h2208
=CAT  \\$aBATCH-CLA$b00$c20121102$lBLL01$h1754
=CFI  2\$aCurrent copyright fee: GBP4.40$c0$e01-jul-1998$fGBP4.40$g0$hA$5Uk
=FIN  \\$aY
=FMT  \\$a  SE
=LAS  \\$aBATCH-CLA$b00$c20121102$lBLL01$h1754
=LEO  \\$aMP25.0000048482
=LEO  \\$aMP10.0000096260
=LKR  \\$aPAR$b010488575$lBLL01$mBibliography of electrophoresis ... and survey of applications.$nJournal of chromatography. Supplementary volume
=SRC  \\$aSRI01$bbibmp25.200404.2.aa
=SRC  \\$aDSS01$bbibmp10.200404.2.aa
=TCO  \\$aCLA$bCLA$c008

