=LDR  06161cas a2201285 a 4500
=001  005421994
=003  Uk
=005  20230210003851.0
=007  ta
=008  760415d19261935enkqr\p\\\\\\\0\\\a0eng\\
=019  x\$a0514160268
=019  c\$a2035415
=019  0\$as202269000
=022  0\$a0301-7699$202
=040  \\$aUk$cUk$dUk
=042  \\$aissnuk
=084  \\$aCG 00$2blsrissc
=210  0\$aBiol. rev. biol. proc. Camb. Philos. Soc.
=222  \0$aBiological reviews and biological proceedings of the Cambridge Philosophical Society
=245  00$aBiological reviews and biological proceedings of the Cambridge Philosophical Society.
=260  \\$aCambridge :$bUniversity Press,$c1926-1935.
=300  \\$a8 v. ;$c26 cm.
=310  \\$aQuarterly
=336  \\$atext$2rdacontent
=337  \\$aunmediated$2rdamedia
=338  \\$avolume$2rdacarrier
=362  0\$aVol. 2, no. 1 (Nov. 1926)-v. 9, no. 4 (Oct. 1934).
=540  \\$aCurrent Copyright Fee: GBP28.00$c0$5Uk
=546  \\$aEnglish, French, and German.
=555  \\$aVols. 2 (1926)-10 (1935) in v. 10 of later title.
=650  \0$aBiology$vPeriodicals.
=710  2\$aCambridge Philosophical Society.
=780  00$tProceedings of the Cambridge Philosophical Society. Biological sciences$x1759-6254
=785  00$tBiological reviews of the Cambridge Philosophical Society$x0006-3231
=852  71$aBritish Library$bSTI$k(P)$hCG 00$m-E(10)$2blsrissc$3Vol.2 (1926)-v.10 (1935)
=852  49$aBritish Library$bDSC$3See shelfmark 2079.000000 for Vol. 2, 1926- 9, 1934
=886  2\$2blmarc$a029$b00$aS202269019
=959  \\$fHeld but not currently received
=963  \\$aVOL. 2, 1926- 9, 1934 *A=1$bY$cP379.B.11
=985  \\$aRecord merged by DQ team
=ACF  \\$aPrevious Copyright Fee: GBP16.00$c0$e01-apr-2012$fGBP16.00$g0$hC$5Uk
=ACF  \\$aPrevious Copyright Fee: GBP16.00$c0$e01-jan-2012$fGBP16.00$g0$hC$5Uk
=ACF  \\$aPrevious Copyright Fee: GBP16.00$c0$e01-oct-2011$fGBP16.00$g0$hC$5Uk
=ACF  \\$aPrevious Copyright Fee: GBP16.00$c0$e01-jul-2011$fGBP16.00$g0$hC$5Uk
=ACF  \\$aPrevious Copyright Fee: GBP16.00$c0$e01-apr-2011$fGBP16.00$g0$hC$5Uk
=ACF  \\$aPrevious Copyright Fee: GBP16.00$c0$e01-jan-2011$fGBP16.00$g0$hC$5Uk
=ACF  \\$aPrevious Copyright Fee: GBP16.00$c0$e01-oct-2010$fGBP16.00$g0$hC$5Uk
=ACF  \\$aPrevious Copyright Fee: GBP16.00$c0$e01-jul-2010$fGBP16.00$g0$hC$5Uk
=ACF  \\$aPrevious Copyright Fee: GBP16.00$c0$e01-apr-2010$fGBP16.00$g0$hC$5Uk
=ACF  \\$aPrevious Copyright Fee: GBP16.00$c0$e01-Jan-2010$fGBP16.00$g0$hC$5Uk
=ACF  \\$aPrevious Copyright Fee: GBP16.00$c0$e01-oct-2009$fGBP16.00$g0$hC$5Uk
=ACF  \\$aPrevious Copyright Fee: GBP16.00$c0$e01-jul-2009$fGBP16.00$g0$hC$5Uk
=ACF  \\$aPrevious Copyright Fee: GBP16.00$c0$e01-apr-2009$fGBP16.00$g0$hC$5Uk
=ACF  \\$aPrevious Copyright Fee: GBP5.00$c0$e01-oct-2008$fGBP5.00$g0$hC$5Uk
=ACF  \\$aPrevious Copyright Fee: GBP5.00$c0$e01-apr-2006$fGBP5.00$g0$hC$5Uk
=ACF  \\$aPrevious Copyright Fee: GBP5.00$c0$e01-jan-2006$fGBP5.00$g0$hC$5Uk
=ACF  \\$aPrevious Copyright Fee: GBP5.00$c0$e01-oct-2005$fGBP5.00$g0$hC$5Uk
=ACF  \\$aPrevious copyright fee: GBP5.00$c0$e01-jul-2002$fGBP5.00$g0$hA$5Uk
=ACF  \\$aCurrent copyright fee: GBP4.40$c0$e01-jul-1998$fGBP4.40$g0$hA$5Uk
=ACF  \\$aCurrent copyright fee: GBP4.20$c0$e01-apr-1997$fGBP4.20$g0$hA$5Uk
=ACF  \\$aPrevious Copyright Fee: GBP22.60$c0$e01-jul-2012$fGBP22.60$g0$hC$5Uk
=ACF  \\$aPrevious Copyright Fee: GBP22.60$c0$e01-oct-2012$fGBP22.60$g0$hC$5Uk
=ACF  \\$aPrevious Copyright Fee: GBP12.00$c0$e01-jan-2013$fGBP12.00$g0$hC$5Uk
=ACF  \\$aPrevious Copyright Fee: GBP22.60$c0$e01-jan-2014$fGBP22.60$g0$hC$5Uk
=ACF  \\$aPrevious Copyright Fee: GBP22.00$c0$e01-apr-2014$fGBP22.00$g0$hC$5Uk
=ACF  \\$aPrevious Copyright Fee: GBP24.00$c0$e01-oct-2015$fGBP24.00$g0$hC$5Uk
=ACF  \\$aPrevious Copyright Fee: GBP28.00$c0$e01-apr-2019$fGBP28.00$g0$hC$5Uk
=CAT  \\$aCONV$b00$c20040502$lBLL01$h1100
=CAT  \\$aIPL-CLA$c20110630$lBLL01$h1501
=CAT  \\$aBATCH-CLA$b00$c20110831$lBLL01$h1753
=CAT  \\$aIPL-CLA$c20110930$lBLL01$h1458
=CAT  \\$aBATCH-CLA$b00$c20111130$lBLL01$h1158
=CAT  \\$aIPL-CLA$c20111230$lBLL01$h1625
=CAT  \\$aBATCH-CLA$b00$c20120229$lBLL01$h1619
=CAT  \\$aIPL-CLA$c20120330$lBLL01$h1344
=CAT  \\$aBATCH-CLA$b00$c20120531$lBLL01$h1710
=CAT  \\$aIPL-CLA$c20120629$lBLL01$h0940
=CAT  \\$aBATCH-CLA$b00$c20120831$lBLL01$h1525
=CAT  \\$aIPL-CLA$c20120930$lBLL01$h1945
=CAT  \\$aBATCH-CLA$b00$c20121102$lBLL01$h1754
=CAT  \\$aBATCH-CLA$b00$c20121130$lBLL01$h1243
=CAT  \\$aIPL-CLA$c20121231$lBLL01$h1236
=CAT  \\$aIPL-CLA$c20130102$lBLL01$h1629
=CAT  \\$aBATCH-CLA$b00$c20131129$lBLL01$h1639
=CAT  \\$aIPL-CLA$c20131231$lBLL01$h1603
=CAT  \\$aBATCH-CLA$b00$c20140228$lBLL01$h1610
=CAT  \\$aIPL-CLA$c20140331$lBLL01$h1557
=CAT  \\$aBATCH-CLA$b00$c20150828$lBLL01$h1538
=CAT  \\$aIPL-CLA$c20150930$lBLL01$h1647
=CAT  \\$aBATCH-CLA$b00$c20190228$lBLL01$h1622
=CAT  \\$aIPL-CLA$c20190331$lBLL01$h1712
=CAT  \\$aBATCH-CLA$b00$c20221130$lBLL01$h1427
=CAT  \\$aIPL-CLA$c20221231$lBLL01$h1612
=CAT  \\$aBATCH-CLA$b00$c20230209$lBLL01$h1515
=CAT  \\$aIPL-CLA$c20230210$lBLL01$h0038
=CFI  0\$aCurrent Copyright Fee: GBP28.00$c0$e09-feb-2023$fGBP28.00$g0$hC$5Uk
=CFI  2\$aBritish Library not licensed to copy$c0$e01-jan-2023$hC$iCFP Excluded$5Uk
=FIN  \\$aY
=FMT  \\$a  SE
=LAS  \\$aIPL-CLA$b00$c20230210$lBLL01$h0038
=LEO  \\$aMP1.0000609296.1
=LEO  \\$aMP25.0000074615
=LEO  \\$aMP22.0000017768
=LEO  \\$aMP10.0000099728
=LKR  \\$aPAR$b007871740$lBLL01$r78000$mBiological reviews and biological proceedings of the Cambridge Philosophical Society$nProceedings of the Cambridge Philosophical Society.
=SRC  \\$aBLS01$bbibmp1.200404.2.aa
=SRC  \\$aSRI01$bbibmp25.200404.2.aa
=SRC  \\$aISN01$bbibmp22.200404.2.aa
=SRC  \\$aDSS01$bbibmp10.200404.2.aa
=TCO  \\$aCLA$bCLA$c008

