=LDR  05905cas a2201177ua 4500
=001  005423412
=003  Uk
=005  20230930091610.0
=007  ta
=008  040409d19391944xxuu|\p\\\\\\\0\\\a0eng\\
=019  c\$a2566084
=022  0\$a0195-7856
=040  \\$aUk$cUk$dUk
=084  \\$aT 83$2blsrissc
=210  0\$aBook A.S.T.M. stand. incl. tentat. stand.
=222  \0$aBook of A.S.T.M. standards including tentative standards
=245  00$aBook of A.S.T.M. standards including tentative standards.
=246  3\$aBook of American Society for Testing Materials standards including tentative standards
=260  \\$aPhiladelphia,$bAmerican Society for Testing Materials.
=300  \\$av.$bill.$c24 cm.
=310  \\$aBiennial,$b1944
=321  \\$aTriennial,$b1939-
=336  \\$atext$2rdacontent
=337  \\$aunmediated$2rdamedia
=338  \\$avolume$2rdacarrier
=362  0\$a1939-44.
=525  \\$aSupplements issued in the intervening years.
=540  \\$aCurrent Copyright Fee: GBP35.64$c0$5Uk
=580  \\$aFormed by the union of: Book of A.S.T.M. standards, ISSN 0192-2971, and: Book of A.S.T.M. tentative standards, ISSN 0192-3005.
=780  14$tBook of A.S.T.M. standards$x0192-2971
=780  14$tBook of A.S.T.M. tentative standards$x0192-3005
=785  00$tBook of A.S.T.M. standards including tentatives$x0517-5011
=852  71$aBritish Library$bSTI$k(P)$hT 83$m-E(2)$2blsrissc$31939-1944
=852  49$aBritish Library$bDSC$3See shelfmark 1747.092000 for 1939-1944
=945  \\$aBook of ASTM standards including tentative standards.
=985  \\$aRecord enhanced by DQ team
=A02  \\$a2566084
=ACF  \\$aBritish Library not licensed to copy$c0$e07-sep-2011$hC$iTX$5Uk
=ACF  \\$aPrevious copyright fee: GBP10.50$c0$e01-jan-2011$fGBP10.50$g0$hA$5Uk
=ACF  \\$aPrevious Copyright Fee: GBP13.50$c0$e01-jan-2008$fGBP13.50$g0$hC$5Uk
=ACF  \\$aPrevious Copyright Fee: GBP13.50$c0$e01-oct-2007$fGBP13.50$g0$hC$5Uk
=ACF  \\$aPrevious Copyright Fee: GBP13.50$c0$e01-jul-2007$fGBP13.50$g0$hC$5Uk
=ACF  \\$aPrevious Copyright Fee: GBP13.85$c0$e01-apr-2007$fGBP13.85$g0$hC$5Uk
=ACF  \\$aPrevious Copyright Fee: GBP14.59$c0$e01-jan-2007$fGBP14.59$g0$hC$5Uk
=ACF  \\$aPrevious Copyright Fee: GBP14.59$c0$e01-oct-2006$fGBP14.59$g0$hC$5Uk
=ACF  \\$aPrevious Copyright Fee: GBP15.43$c0$e01-jul-2006$fGBP15.43$g0$hC$5Uk
=ACF  \\$aPrevious Copyright Fee: GBP15.43$c0$e01-apr-2006$fGBP15.43$g0$hC$5Uk
=ACF  \\$aPrevious Copyright Fee: GBP15.00$c0$e01-jan-2006$fGBP15.00$g0$hC$5Uk
=ACF  \\$aPrevious Copyright Fee: GBP14.59$c0$e01-oct-2005$fGBP14.59$g0$hC$5Uk
=ACF  \\$aPrevious Copyright Fee: GBP14.59$c0$e01-jul-2005$fGBP14.59$g0$hC$5Uk
=ACF  \\$aPrevious Copyright Fee: GBP14.59$c0$e01-apr-2005$fGBP14.59$g0$hC$5Uk
=ACF  \\$aPrevious Copyright Fee: GBP15.00$c0$e01-jan-2005$fGBP15.00$g0$hC$5Uk
=ACF  \\$aPrevious Copyright Fee: GBP14.59$c0$e01-oct-2004$fGBP14.59$g0$hC$5Uk
=ACF  \\$aBritish Library not licensed to copy$c0$e01-jul-2012$hC$iCLA Excluded$5Uk
=ACF  \\$aBritish Library not licensed to copy$c0$e01-oct-2012$hC$iCFP Excluded$5Uk
=ACF  \\$aBritish Library not licensed to copy$c0$e01-jan-2013$hC$iCFP Excluded$5Uk
=ACF  \\$aBritish Library not licensed to copy$c0$e01-apr-2013$hC$iCFP Excluded$5Uk
=ACF  \\$aBritish Library not licensed to copy$c0$e01-jul-2013$hC$iCFP Excluded$5Uk
=ACF  \\$aBritish Library not licensed to copy$c0$e01-oct-2013$hC$iCFP Excluded$5Uk
=ACF  \\$aBritish Library not licensed to copy$c0$e01-jan-2014$hC$iCFP Excluded$5Uk
=ACF  \\$aBritish Library not licensed to copy$c0$e01-apr-2014$hC$iCFP Excluded$5Uk
=ACF  \\$aBritish Library not licensed to copy$c0$e01-jul-2014$hC$iCFP Excluded$5Uk
=ACF  \\$aPrevious Copyright Fee: GBP8.30$c0$e01-oct-2022$fGBP8.30$g0$hC$5Uk
=ACF  \\$aBritish Library not licensed to copy$c0$e01-jan-2023$hC$iCFP Excluded$5Uk
=ACF  \\$aPrevious Copyright Fee: GBP9.02$c0$e09-feb-2023$fGBP9.02$g0$hC$5Uk
=ACF  \\$aPrevious Copyright Fee: GBP8.34$c0$e01-apr-2023$fGBP8.34$g0$hC$5Uk
=CAT  \\$aCONV$b00$c20040502$lBLL01$h1100
=CAT  \\$aWR13.005$c20130323$lBLL01$h1529
=CAT  \\$aIPL-CLA$c20130331$lBLL01$h1038
=CAT  \\$a540_fix$c20130403$lBLL01$h2000
=CAT  \\$aBATCH-CLA$b00$c20130531$lBLL01$h1649
=CAT  \\$aIPL-CLA$c20130630$lBLL01$h2156
=CAT  \\$aBATCH-CLA$b00$c20130830$lBLL01$h1626
=CAT  \\$aIPL-CLA$c20130930$lBLL01$h1631
=CAT  \\$aBATCH-CLA$b00$c20131129$lBLL01$h1653
=CAT  \\$aIPL-CLA$c20131231$lBLL01$h1603
=CAT  \\$aBATCH-CLA$b00$c20140228$lBLL01$h1614
=CAT  \\$aIPL-CLA$c20140331$lBLL01$h1557
=CAT  \\$aBATCH-CLA$b00$c20140530$lBLL01$h1709
=CAT  \\$aIPL-CLA$c20140630$lBLL01$h1605
=CAT  \\$aBATCH-CLA$b00$c20220903$lBLL01$h0718
=CAT  \\$aIPL-CLA$c20220930$lBLL01$h1531
=CAT  \\$aBATCH-CLA$b00$c20221130$lBLL01$h1430
=CAT  \\$aIPL-CLA$c20221231$lBLL01$h1612
=CAT  \\$aBATCH-CLA$b00$c20230209$lBLL01$h1517
=CAT  \\$aIPL-CLA$c20230210$lBLL01$h0038
=CAT  \\$aBATCH-CLA$b00$c20230314$lBLL01$h1827
=CAT  \\$aIPL-CLA$c20230331$lBLL01$h1558
=CAT  \\$aBATCH-CLA$b00$c20230531$lBLL01$h1702
=CAT  \\$aIPL-CLA$c20230630$lBLL01$h1654
=CAT  \\$aBATCH-CLA$b00$c20230906$lBLL01$h1738
=CAT  \\$aIPL-CLA$c20230930$lBLL01$h0916
=CFI  0\$aCurrent Copyright Fee: GBP35.64$c0$e01-oct-2023$fGBP35.64$g0$hC$5Uk
=CFI  2\$aPrevious Copyright Fee: GBP36.90$c0$e01-jul-2023$fGBP36.90$g0$hC$5Uk
=FIN  \\$aY
=FMT  \\$a  SE
=LAS  \\$aIPL-CLA$b00$c20230930$lBLL01$h0916
=LEO  \\$aMP10.0000106016
=LKR  \\$aPAR$b012092115$lBLL01$r78014$mBook of A.S.T.M. standards including tentative standards$nBook of ASTM standards.
=SRC  \\$aDSS01$bbibmp10.200404.2.aa
=TCO  \\$aTRS$bCCC$c008

