=LDR  03361 as a2200781 a 4500
=001  005427264
=003  Uk
=005  20080815112803.0
=007  ta
=008  040409d19421946mou\x\m\\\\\\\0\\\a0eng\\
=019  c\$a2043566
=022  0\$a0735-4169
=040  \\$aUk$cUk$dUk
=082  0\$a620.005$219
=084  \\$aSR 00$2blsrissc
=130  0\$aBulletin (University of Missouri. Engineering Experiment Station : 1942)
=210  0\$aBull. - Univ. Mo. Eng. Exp. Stn.$b(1942)
=222  \0$aBulletin - University of Missouri. Engineering Experiment Station$b(1942)
=245  10$aBulletin /$cEngineering Experiment Station, University of Missouri.
=260  \\$aColumbia, Mo. :$bThe University,$c1942-
=300  \\$a5 v. ;$c23 cm.
=310  \\$aIrregular
=336  \\$atext$2rdacontent
=337  \\$aunmediated$2rdamedia
=338  \\$avolume$2rdacarrier
=362  0\$aNo. 30 (1942)-[34]
=490  0\$aUniversity of Missouri bulletin
=500  \\$aEach no. has also a distinctive title.
=540  \\$aBritish Library not licensed to copy$c0$5Uk
=650  \0$aEngineering.
=710  2\$aUniversity of Missouri.$bEngineering Experiment Station.
=760  0\$tUniversity of Missouri bulletin
=780  00$tEngineering Experiment Station series (University of Missouri. Engineering Experiment Station)
=785  00$tEngineering series (University of Missouri. Engineering Experiment Station)$x0735-4142
=852  71$aBritish Library$bSTI$k(P)$hSR 00$m-E(81)$2blsrissc$3No.30, 1942-34, 1946
=852  49$aBritish Library$bDSC$3See shelfmark 9115.500000 for No.30, 1942-34, 1946
=945  \\$aBulletin- University of Missouri Engineering Experiment Station.
=985  \\$aRecord merged by DQ team
=A02  \\$a2043566
=ACF  \\$aBritish Library not licensed to copy$c0$e01-jan-2013$hC$iCFP Excluded$5Uk
=ACF  \\$aBritish Library not licensed to copy$c0$e01-jul-2013$hC$iCFP Excluded$5Uk
=ACF  \\$aBritish Library not licensed to copy$c0$e01-oct-2013$hC$iCFP Excluded$5Uk
=CAT  \\$aCONV$b00$c20040502$lBLL01$h1100
=CAT  \\$a8456$b40$c20080117$lBLL01$h1720
=CAT  \\$a8456$b40$c20080117$lBLL01$h1739
=CAT  \\$a8874$b40$c20080815$lBLL01$h1128
=CAT  \\$aBATCH$b00$c20091205$lBLL01$h2343
=CAT  \\$aBATCH-CLA$b00$c20121130$lBLL01$h1238
=CAT  \\$aIPL-CLA$c20121231$lBLL01$h1236
=CAT  \\$aIPL-CLA$c20130102$lBLL01$h1629
=CAT  \\$aWR13.005$c20130323$lBLL01$h1531
=CAT  \\$aBATCH-CLA$b00$c20130531$lBLL01$h1648
=CAT  \\$aIPL-CLA$c20130630$lBLL01$h2156
=CAT  \\$aBATCH-CLA$b00$c20130830$lBLL01$h1626
=CAT  \\$aIPL-CLA$c20130930$lBLL01$h1631
=CAT  \\$aBATCH-CLA$b00$c20131129$lBLL01$h1654
=CAT  \\$aIPL-CLA$c20131231$lBLL01$h1603
=CAT  \\$aBATCH-CLA$b00$c20140530$lBLL01$h1710
=CAT  \\$aIPL-CLA$c20140630$lBLL01$h1605
=CFI  0\$aBritish Library not licensed to copy$c0$e01-jul-2014$hC$iCFP Excluded$5Uk
=CFI  2\$aBritish Library not licensed to copy$c0$e01-jan-2014$hC$iCFP Excluded$5Uk
=FIN  \\$aY
=FMT  \\$a  SE
=LAS  \\$aIPL-CLA$b00$c20140630$lBLL01$h1605
=LEO  \\$aMP10.0000121892
=LKR  \\$aPAR$b005448871$lBLL01$r78000$mBulletin - University of Missouri. Engineering Experiment Station (1942)$nEngineering Experiment Station series.
=SRC  \\$aDSS01$bbibmp10.200404.2.aa
=TCO  \\$aTRS$bCCC$c008

