=LDR  02063 as a2200541 a 4500
=001  005427306
=003  Uk
=005  20090805144754.0
=007  ta
=008  040409d19211926onc\x\m\\\\\\\0\\\a0eng\\
=019  c\$a2229181
=040  \\$aUk$cUk$dUk
=084  \\$aNX 089(C)$2blsrissc
=130  0\$aBulletin (Victoria Memorial Museum (Canada) : 1921)
=245  10$aBulletin /$c[Victoria Memorial Museum (Canada)].
=246  13$aMuseum bulletin
=260  \\$aOttawa :$bGovernment Printing Bureau,$c1921-1926.
=300  \\$a14 v. :$bill., diags., plates ;$c25 cm.
=310  \\$aIrregular
=336  \\$atext$2rdacontent
=337  \\$aunmediated$2rdamedia
=338  \\$avolume$2rdacarrier
=362  0\$aNo. 32 (May 1921)-no. 45 (Nov. 9, 1926).
=500  \\$aTitle fluctuates between Bulletin and Museum bulletin.
=500  \\$aThe bulletins are numbered consecutively and are also divided into three subseries: Geological series, Biological series and Anthropolocial series.
=550  \\$aIssued by the Geological Survey of Canada.
=650  \0$aNatural history.
=650  \0$aGeology.
=650  \0$aAnthropology.
=650  \0$aBiology.
=710  2\$aGeological Survey of Canada.
=710  2\$aVictoria Memorial Museum (Canada)
=780  00$tMuseum bulletin (Victoria Memorial Museum (Canada))
=785  00$tBulletin (National Museum of Canada)
=852  71$aBritish Library$bSTI$k(P)$hNX 089$m(C) -E(25)$2blsrissc$3No. 32, 1921-44, 1925
=852  49$aBritish Library$bDSC$3See shelfmark 2641.000000
=985  \\$aRecord enhanced by DQ team
=A02  \\$a2229181
=CAT  \\$aCONV$b00$c20040502$lBLL01$h1100
=CAT  \\$a8456$b40$c20090805$lBLL01$h1447
=CAT  \\$aBATCH$b00$c20091205$lBLL01$h2343
=FIN  \\$aY
=FMT  \\$a  SE
=LAS  \\$aBATCH$b00$c20091205$lBLL01$h2343
=LEO  \\$aMP10.0000122028
=LKR  \\$aPAR$b012413470$lBLL01$r78000$mBulletin (Victoria Memorial Museum (Canada) : 1921)$nMuseum bulletin (Victoria Memorial Museum (Canada))
=SRC  \\$aDSS01$bbibmp10.200404.2.aa
=TCO  \\$aCAN$bAccess$c008

