=LDR  04666 as a2201069 a 4500
=001  005432613
=003  Uk
=005  20080310110529.0
=007  ta
=008  040409d19841986paumr\p\\\\\\\0\\\a0eng\\
=019  c\$a2296350
=022  0\$a0747-6329$y0164-5137
=040  \\$aUk$cUk$dUk
=082  00$a672.05$219
=084  \\$aND 05$2blsrissc
=130  0\$aChilton's iron age. Metals producer (U.S. edition)
=210  0\$aChilton's iron age, Metals prod.$b(U.S. ed.)
=222  \0$aChilton's iron age. Metals producer$b(U.S. ed.)
=245  10$aChilton's iron age.$pMetals producer.
=246  30$aIron age.$pMetals producer
=246  30$aMetals producer
=246  17$aIron age
=250  \\$a[U.S. ed.].
=260  \\$a[Radnor, Pa. :$bChilton Co.,$cc1984-c1986]
=300  \\$a3 v. :$bill. ;$c28 cm.
=310  \\$aMonthly,$b1985-Mar. 7, 1986
=321  \\$aTwenty-four no. a year,$b1984
=336  \\$atext$2rdacontent
=337  \\$aunmediated$2rdamedia
=338  \\$avolume$2rdacarrier
=362  0\$a[Vol. 227, no. 1] (Jan. 2, 1984)-v. 229, no. 5 (Mar. 7, 1986).
=515  \\$aBeginning 1985, issues carry odd numbering only, e.g. Vol. 228, no. 15, 17, 19, etc.
=540  \\$aBritish Library not licensed to copy$c0$5Uk
=595  \\$aFor DSC see 3172.995410.
=650  \0$aMetal-work$zUnited States$vPeriodicals.
=650  \0$aIron industry and trade$zUnited States$vPeriodicals.
=650  \0$aSteel industry and trade$zUnited States$vPeriodicals.
=650  \0$aMetal-work$vPeriodicals.
=650  \0$aIron industry and trade$vPeriodicals.
=650  \0$aSteel industry and trade$vPeriodicals.
=775  0\$tChilton's iron age. Metals producer (International edition)$x0749-1468
=780  01$tChilton's iron age$x0164-5137
=785  00$tIron age. Metals producer$x0893-9616
=852  71$aBritish Library$bSTI$k(P)$hND 05$m-E(13)$2blsrissc$31984-1986
=852  49$aBritish Library$bDSC$3See shelfmark 3172.995410 for 1984-1986
=985  \\$aRecord enhanced by DQ team
=A02  \\$a2296350
=ACF  \\$aPrevious Copyright Fee: GBP13.57$c0$e01-jul-2009$fGBP13.57$g0$hC$5Uk
=ACF  \\$aPrevious Copyright Fee: GBP13.57$c0$e01-apr-2009$fGBP13.57$g0$hC$5Uk
=ACF  \\$aPrevious Copyright Fee: GBP11.88$c0$e01-jan-2009$fGBP11.88$g0$hC$5Uk
=ACF  \\$aPrevious Copyright Fee: GBP9.50$c0$e01-oct-2008$fGBP9.50$g0$hC$5Uk
=ACF  \\$aPrevious Copyright Fee: GBP9.50$c0$e01-jul-2008$fGBP9.50$g0$hC$5Uk
=ACF  \\$aPrevious copyright fee: GBP10.50$c0$e01-jan-2011$fGBP10.50$g0$hA$5Uk
=ACF  \\$aBritish Library not licensed to copy$c0$e07-sep-2011$hC$iTX$5Uk
=ACF  \\$aBritish Library not licensed to copy$c0$e01-jan-2013$hC$iCFP Excluded$5Uk
=ACF  \\$aBritish Library not licensed to copy$c0$e01-jul-2013$hC$iCFP Excluded$5Uk
=ACF  \\$aBritish Library not licensed to copy$c0$e01-oct-2013$hC$iCFP Excluded$5Uk
=CAT  \\$aCONV$b00$c20040502$lBLL01$h1100
=CAT  \\$aBATCH-CLA$b00$c20090227$lBLL01$h1652
=CAT  \\$aBATCH-UPD$b00$c20090331$lBLL01$h2153
=CAT  \\$aBATCH-UPD$b00$c20090331$lBLL01$h2332
=CAT  \\$aBATCH$b00$c20090401$lBLL01$h0102
=CAT  \\$aBATCH-CLA$b00$c20090529$lBLL01$h1728
=CAT  \\$aBATCH-UPD$b00$c20090701$lBLL01$h1933
=CAT  \\$aBATCH-UPD$b00$c20090701$lBLL01$h2020
=CAT  \\$aBATCH$b00$c20090701$lBLL01$h2043
=CAT  \\$aBATCH$b00$c20091205$lBLL01$h2345
=CAT  \\$aBATCH-UPD$b00$c20101201$lBLL01$h1159
=CAT  \\$aIPL-CLA$c20101231$lBLL01$h1121
=CAT  \\$aBATCH-UPD$b00$c20110907$lBLL01$h1746
=CAT  \\$aIPL-CLA$c20110908$lBLL01$h1658
=CAT  \\$aBATCH-CLA$b00$c20121102$lBLL01$h1754
=CAT  \\$aBATCH-CLA$b00$c20121130$lBLL01$h1239
=CAT  \\$aIPL-CLA$c20121231$lBLL01$h1236
=CAT  \\$aIPL-CLA$c20130102$lBLL01$h1630
=CAT  \\$aBATCH-CLA$b00$c20130531$lBLL01$h1644
=CAT  \\$aIPL-CLA$c20130630$lBLL01$h2157
=CAT  \\$aBATCH-CLA$b00$c20130830$lBLL01$h1627
=CAT  \\$aIPL-CLA$c20130930$lBLL01$h1631
=CAT  \\$aBATCH-CLA$b00$c20131129$lBLL01$h1655
=CAT  \\$aIPL-CLA$c20131231$lBLL01$h1604
=CAT  \\$aBATCH-CLA$b00$c20140530$lBLL01$h1711
=CAT  \\$aIPL-CLA$c20140630$lBLL01$h1605
=CFI  0\$aBritish Library not licensed to copy$c0$e01-jul-2014$hC$iCFP Excluded$5Uk
=CFI  2\$aBritish Library not licensed to copy$c0$e01-jan-2014$hC$iCFP Excluded$5Uk
=FIN  \\$aY
=FMT  \\$a  SE
=LAS  \\$aIPL-CLA$b00$c20140630$lBLL01$h1605
=LEO  \\$aMP10.0000143203
=LKR  \\$aPAR$b012391131$lBLL01$r78001$mChilton's iron age. Metals producer (U.S. ed.)$nChilton's iron age
=SRC  \\$aDSS01$bbibmp10.200404.2.aa
=TCO  \\$aTRS$bCCC$c008

