=LDR  02889 as a2200697 a 4500
=001  005433721
=003  Uk
=005  20161129105140.0
=007  ta
=008  040409d195519uunyu\x\m\\\\\\\0\\\a0eng\\
=019  c\$a2050752
=022  0\$a0271-4213
=040  \\$aUk$cUk$dUk
=082  0\$a508.747
=130  0\$aCircular (New York State Museum and Science Service)
=210  0\$aCirc.- N.Y. State Mus. Sci. Serv.
=222  \0$aCircular - New York State Museum and Science Service
=245  10$aCircular /$cNew York State Museum and Science Service
=260  \\$aAlbany :$bUniversity of the State of New York,$c1955-
=300  \\$av. :$bill., maps (some folded) ;$c23 cm.
=310  \\$aIrregular
=336  \\$atext$2rdacontent
=337  \\$aunmediated$2rdamedia
=338  \\$avolume$2rdacarrier
=362  0\$aNo. 39 (June 1955)-
=515  \\$aSuspended publication with no. 45, 1956; resumed with no. 46, 1973.
=540  \\$aBritish Library not licensed to copy$c0$5Uk
=650  \0$aNatural resources$zNew York (State)
=710  2\$aNew York State Museum and Science Service.
=780  00$tCircular (New York State Museum)$x1052-2018
=852  71$aBritish Library$bSTI$k(P)$hCC 59$m-E(5)$2blsrissc$339, 1955-45, 1956 ; Deficient: 40, 41
=852  49$aBritish Library$bDSC$3For stock see shelfmark 3249.080000
=985  \\$aRecord enhanced by DQ team
=A02  \\$a2050752
=ACF  \\$aBritish Library not licensed to copy$c0$e01-jan-2013$hC$iCFP Excluded$5Uk
=ACF  \\$aBritish Library not licensed to copy$c0$e01-jul-2013$hC$iCFP Excluded$5Uk
=ACF  \\$aBritish Library not licensed to copy$c0$e01-oct-2013$hC$iCFP Excluded$5Uk
=CAT  \\$aCONV$b00$c20040502$lBLL01$h1100
=CAT  \\$a8456$b40$c20080501$lBLL01$h1327
=CAT  \\$aBATCH$b00$c20091205$lBLL01$h2346
=CAT  \\$aBATCH-CLA$b00$c20121130$lBLL01$h1237
=CAT  \\$aIPL-CLA$c20121231$lBLL01$h1236
=CAT  \\$aIPL-CLA$c20130102$lBLL01$h1630
=CAT  \\$aBATCH-CLA$b00$c20130531$lBLL01$h1649
=CAT  \\$aIPL-CLA$c20130630$lBLL01$h2157
=CAT  \\$aBATCH-CLA$b00$c20130830$lBLL01$h1626
=CAT  \\$aIPL-CLA$c20130930$lBLL01$h1632
=CAT  \\$aBATCH-CLA$b00$c20131129$lBLL01$h1653
=CAT  \\$aIPL-CLA$c20131231$lBLL01$h1604
=CAT  \\$aBATCH-CLA$b00$c20140530$lBLL01$h1709
=CAT  \\$aIPL-CLA$c20140630$lBLL01$h1605
=CAT  \\$a8874$b40$c20161129$lBLL01$h1051
=CFI  0\$aBritish Library not licensed to copy$c0$e01-jul-2014$hC$iCFP Excluded$5Uk
=CFI  2\$aBritish Library not licensed to copy$c0$e01-jan-2014$hC$iCFP Excluded$5Uk
=FIN  \\$aY
=FMT  \\$a  SE
=LAS  \\$a8874$b40$c20161129$lBLL01$h1051
=LEO  \\$aMP10.0000147643
=LKR  \\$aPAR$b012394363$lBLL01$r78000$mCircular (New York State Museum and Science Service)$nCircular (New York State Museum)
=SRC  \\$aDSS01$bbibmp10.200404.2.aa
=TCO  \\$aTRS$bCCC$c008

