=LDR  05212cas a22010817a 4500
=001  005445156
=003  Uk
=005  20221231161336.0
=007  ta
=008  841105d19741988fr\mr\p\\\\\\\0\\\b0fre\d
=019  c\$a2062356
=019  0\$as231413017
=022  0\$a0291-8412
=040  \\$aUk$cUk$dUk
=084  \\$aLY 50$2blsrissc
=245  00$aDouble liaison - chimie des peintures.
=260  \\$aParis :$bPresses continentales,$c1974-88.
=300  \\$a15 v. :$bill. ;$c30 cm.
=310  \\$aMonthly
=336  \\$atext$2rdacontent
=337  \\$aunmediated$2rdamedia
=338  \\$avolume$2rdacarrier
=362  0\$aT. 21, no 221 (Janv. 1974)-t. 35, no 393-394 (Juil.-août 1988).
=500  \\$a"Revue franco-belge, sur les peintures, vernis, encres d'imprimerie, colles et adhésifs, leurs matières premières et leurs applications."
=500  \\$aTitle from caption.
=515  \\$aMany issues, including most Jan., Feb., July and Aug. issues, published in combined form.
=540  \\$aCurrent Copyright Fee: GBP25.00$c0$5Uk
=546  \\$aArticles in French with English translations, Jan. 1984-July/Aug. 1988.
=550  \\$aOrgan of: Association française des techniciens des peintures, vernis, encres d'imprimerie, colles et adhésifs (France); Industrie des vernis, peintures, encres d'imprimerie et couleurs d'art (Belgique); Association des techniciens de l'industrie des peintures et industries connexes (Belgique), <Apr. 1974>-Dec. 1983; Association française des techniciens des peintures, vernis, encres d'imprimerie, colles et adhésifs, Jan./Feb. 1984-July/Aug. 1988.
=595  \\$aSEE 3619.890.
=650  \0$aPaint$vPeriodicals.
=650  \0$aInk$vPeriodicals.
=650  \0$aPlastics$vPeriodicals.
=650  \0$aAdhesives$vPeriodicals.
=650  \0$aPigments$vPeriodicals.
=710  2\$aAssociation française des techniciens des peintures, vernis, encres d'imprimerie, colles et adhésifs.
=710  2\$aIndustrie des vernis, peintures, encres d'imprimerie et couleurs d'art (Belgium)
=710  2\$aAssociation des techniciens de l'industrie des peintures et industries connexes (Belgium)
=780  04$tDouble-liaison$x0012-5709
=780  04$tChimie des peintures$x0772-3474
=785  00$tDouble-liaison (Paris, France : 1988)$x1166-4398
=852  49$aBritish Library$bDSC$3See shelfmark 3619.890000
=852  71$aBritish Library$bSTI$k(P)$hLY 50$m-F(1)$2blsrissc$31974-1988; Tome 21-35. No.221-393/394. ; Deficient: tome 28, no.306-308, 1981
=886  2\$2blmarc$a959
=886  2\$2blmarc$a029$b00$aS231413009
=945  \\$aDOUBLE LIAISON CHIMIE DES PEINTURES.
=968  \\$bx
=985  \\$aRecord merged by DQ team
=ACF  \\$aPrevious Copyright Fee: GBP4.00$c0$e01-oct-2008$fGBP4.00$g0$hC$5Uk
=ACF  \\$aCurrent copyright fee: GBP4.40$c0$e01-jul-1998$fGBP4.40$g0$hA$5Uk
=ACF  \\$aCurrent copyright fee: GBP4.20$c0$e01-apr-1997$fGBP4.20$g0$hA$5Uk
=ACF  \\$aPrevious copyright fee: GBP10.50$c0$e01-jan-2011$fGBP10.50$g0$hA$5Uk
=ACF  \\$aPrevious copyright fee: GBP12.00$c0$e01-jan-2012$fGBP12.00$g0$hA$5Uk
=ACF  \\$aPrevious Copyright Fee: GBP12.30$c0$e01-jan-2014$fGBP12.30$g0$hA$5Uk
=ACF  \\$aPrevious Copyright Fee: GBP15.00$c0$e01-jan-2017$fGBP15.00$g0$hA$5Uk
=ACF  \\$aPrevious Copyright Fee: GBP17.50$c0$e01-jan-2018$fGBP17.50$g0$hA$5Uk
=ACF  \\$aPrevious Copyright Fee: GBP20.00$c0$e01-jan-2020$fGBP20.00$g0$hA$5Uk
=CAT  \\$aCONV$b00$c20040502$lBLL01$h1101
=CAT  \\$a8201$b40$c20060119$lBLL01$h1147
=CAT  \\$aBATCH-CLA$b00$c20080829$lBLL01$h1840
=CAT  \\$aBATCH-UPD$b00$c20080930$lBLL01$h2307
=CAT  \\$aBATCH$b00$c20081001$lBLL01$h0027
=CAT  \\$aBATCH$b00$c20091118$lBLL01$h0011
=CAT  \\$aBATCH-UPD$b00$c20101201$lBLL01$h1159
=CAT  \\$aIPL-CLA$c20101231$lBLL01$h1122
=CAT  \\$aWR11_203$c20111204$lBLL01$h1230
=CAT  \\$aIPL-CLA$c20111230$lBLL01$h1628
=CAT  \\$aBATCH-CLA$b00$c20121102$lBLL01$h1753
=CAT  \\$aWR13.005$c20130329$lBLL01$h1210
=CAT  \\$aBATCH-CLA$c20131211$lBLL01$h1815
=CAT  \\$aIPL-CLA$c20131231$lBLL01$h1606
=CAT  \\$aBATCH-CLA$b00$c20161222$lBLL01$h1559
=CAT  \\$aIPL-CLA$c20161230$lBLL01$h1512
=CAT  \\$aBATCH-CLA$b00$c20171222$lBLL01$h1846
=CAT  \\$aIPL-CLA$c20171231$lBLL01$h1102
=CAT  \\$aBATCH-CLA$b00$c20191219$lBLL01$h1519
=CAT  \\$aIPL-CLA$c20191231$lBLL01$h1523
=CAT  \\$aR2001-1524$c20200127$lBLL01$h1907
=CAT  \\$aBATCH-CLA$b00$c20201204$lBLL01$h1305
=CAT  \\$aIPL-CLA$c20201231$lBLL01$h1650
=CAT  \\$aBATCH-CLA$b00$c20221221$lBLL01$h1602
=CAT  \\$aIPL-CLA$c20221231$lBLL01$h1613
=CFI  0\$aCurrent Copyright Fee: GBP25.00$c0$e01-jan-2023$fGBP25.00$g0$hA$5Uk
=CFI  2\$aPrevious Copyright Fee: GBP22.50$c0$e01-jan-2021$fGBP22.50$g0$hA$5Uk
=FIN  \\$aY
=FMT  \\$a  SE
=LAS  \\$aIPL-CLA$b00$c20221231$lBLL01$h1613
=LEO  \\$aMP25.0000089705
=LEO  \\$aMP10.0000195251
=LKR  \\$aPAR$b007173933$lBLL01$r78500$mDouble liaison - chimie des peintures.$nDOUBLE LIAISON.
=SRC  \\$aSRI01$bbibmp25.200404.2.aa
=SRC  \\$aDSS01$bbibmp10.200404.2.aa
=TCO  \\$aFRA$bCFC$c008

