=LDR  03674cas a2200925 a 4500
=001  005447756
=003  Uk
=005  20221231161344.0
=007  ta
=008  040409d19301951enk\|\p\\\\\\\0\\\a0eng\\
=019  c\$a2184902
=019  0\$as043312004
=022  0\$a0367-0864$202
=030  \\$aELMTA2
=040  \\$aUk$cUk$dUk
=084  \\$aTD 80$2blsrissc
=210  0\$aElectrometallurgy
=222  \0$aElectrometallurgy
=245  00$aElectrometallurgy.
=260  \\$aLondon :$bIliffe,$c1930-1951.
=300  \\$c30 cm.
=336  \\$atext$2rdacontent
=337  \\$aunmediated$2rdamedia
=338  \\$avolume$2rdacarrier
=540  \\$aCurrent Copyright Fee: GBP25.00$c0$5Uk
=580  \\$aSupplement to, and bound with, "Metal industry (London)", q.v.
=785  04$tMetal Industry (London)$x0368-9387
=852  71$aBritish Library$bSTI$k(P)$hTD 80$m-E(14)$2blsrissc$31930-51
=852  49$aBritish Library$bDSC$3See shelfmark 5686.000000 For stock 1930-1951
=886  2\$2blmarc$a029$b00$a043312012
=963  \\$aVOL. 1(1), 1930 *A=1$bN$cL433:1.B.15
=985  \\$aRecord merged by DQ team
=A02  \\$a2184902
=ACF  \\$aPrevious Copyright Fee: GBP19.00$c0$e01-oct-2008$fGBP19.00$g0$hC$5Uk
=ACF  \\$aCurrent copyright fee: GBP4.40$c0$e01-jul-1998$fGBP4.40$g0$hA$5Uk
=ACF  \\$aCurrent copyright fee: GBP4.20$c0$e01-apr-1997$fGBP4.20$g0$hA$5Uk
=ACF  \\$aPrevious copyright fee: GBP10.50$c0$e01-jan-2011$fGBP10.50$g0$hA$5Uk
=ACF  \\$aPrevious copyright fee: GBP12.00$c0$e01-jan-2012$fGBP12.00$g0$hA$5Uk
=ACF  \\$aPrevious Copyright Fee: GBP12.30$c0$e01-jan-2014$fGBP12.30$g0$hA$5Uk
=ACF  \\$aPrevious Copyright Fee: GBP15.00$c0$e01-jan-2017$fGBP15.00$g0$hA$5Uk
=ACF  \\$aPrevious Copyright Fee: GBP17.50$c0$e01-jan-2018$fGBP17.50$g0$hA$5Uk
=ACF  \\$aPrevious Copyright Fee: GBP20.00$c0$e01-jan-2020$fGBP20.00$g0$hA$5Uk
=CAT  \\$aCONV$b00$c20040502$lBLL01$h1101
=CAT  \\$aBATCH-UPD$b00$c20070909$lBLL01$h1650
=CAT  \\$a8456$b40$c20080107$lBLL01$h1004
=CAT  \\$a8456$b40$c20080107$lBLL01$h1007
=CAT  \\$aBATCH-CLA$b00$c20080829$lBLL01$h1832
=CAT  \\$aBATCH-UPD$b00$c20080930$lBLL01$h2307
=CAT  \\$aBATCH$b00$c20081001$lBLL01$h0027
=CAT  \\$aBATCH$b00$c20091205$lBLL01$h2351
=CAT  \\$aBATCH-UPD$b00$c20101201$lBLL01$h1200
=CAT  \\$aIPL-CLA$c20101231$lBLL01$h1123
=CAT  \\$aWR11_203$c20111204$lBLL01$h1230
=CAT  \\$aIPL-CLA$c20111230$lBLL01$h1628
=CAT  \\$aBATCH-CLA$b00$c20121102$lBLL01$h1753
=CAT  \\$aBATCH-CLA$c20131211$lBLL01$h1815
=CAT  \\$aIPL-CLA$c20131231$lBLL01$h1607
=CAT  \\$aBATCH-CLA$b00$c20161222$lBLL01$h1559
=CAT  \\$aIPL-CLA$c20161230$lBLL01$h1512
=CAT  \\$aBATCH-CLA$b00$c20171222$lBLL01$h1846
=CAT  \\$aIPL-CLA$c20171231$lBLL01$h1103
=CAT  \\$aBATCH-CLA$b00$c20191219$lBLL01$h1519
=CAT  \\$aIPL-CLA$c20191231$lBLL01$h1524
=CAT  \\$aR2001-1524$c20200127$lBLL01$h1907
=CAT  \\$aBATCH-CLA$b00$c20201204$lBLL01$h1305
=CAT  \\$aIPL-CLA$c20201231$lBLL01$h1650
=CAT  \\$aBATCH-CLA$b00$c20221221$lBLL01$h1602
=CAT  \\$aIPL-CLA$c20221231$lBLL01$h1613
=CFI  0\$aCurrent Copyright Fee: GBP25.00$c0$e01-jan-2023$fGBP25.00$g0$hA$5Uk
=CFI  2\$aPrevious Copyright Fee: GBP22.50$c0$e01-jan-2021$fGBP22.50$g0$hA$5Uk
=FIN  \\$aY
=FMT  \\$a  SE
=LAS  \\$aIPL-CLA$b00$c20221231$lBLL01$h1613
=LEO  \\$aMP22.0000022685
=LEO  \\$aMP25.0000003292
=LEO  \\$aMP10.0000205617
=SRC  \\$aISN01$bbibmp22.200404.2.aa
=SRC  \\$aSRI01$bbibmp25.200404.2.aa
=SRC  \\$aDSS01$bbibmp10.200404.2.aa
=TCO  \\$aCLA$bCLA$c008

