=LDR  01861 as a2200493 a 4500
=001  005448934
=003  Uk
=005  20080117173429.0
=007  ta
=008  040409c19509999mou\x\m\\\\\\\0\\\a0eng\\
=019  c\$a2066032
=040  \\$aUk$cUk$dUk
=082  0\$a620.005$219
=084  \\$aSR 00$2blsrissc
=130  0\$aEngineering series bulletin (University of Missouri. Engineering Experiment Station)
=245  10$aEngineering series bulletin /$cUniversity of Missouri.
=246  10$aEngineering experiment station series.
=260  \\$aColumbia, Mo. :$bThe University,$c1950-
=300  \\$av. :$bill. ;$c23 cm.
=310  \\$aIrregular
=336  \\$atext$2rdacontent
=337  \\$aunmediated$2rdamedia
=338  \\$avolume$2rdacarrier
=362  0\$aNo. 37 (Nov. 1950)-
=490  0\$aThe University of Missouri bulletin
=500  \\$aEach vol. has also a distinctive title.
=500  \\$aSometimes published as: Engineering Experiment Station series.
=650  \0$aEngineering.
=710  2\$aUniversity of Missouri.$bEngineering Experiment Station.
=780  00$tEngineering series (University of Missouri. Engineering Experiment Station)$x0735-4142
=852  71$aBritish Library$bSTI$k(P)$hSR 00$m-E(81)$2blsrissc$3No.37, 1950-67, 1969
=852  49$aBritish Library$bDSC$3See shelfmark 9115.500000
=985  \\$aRecord enhanced by DQ team
=A02  \\$a2066032
=CAT  \\$aCONV$b00$c20040502$lBLL01$h1101
=CAT  \\$a8456$b40$c20080117$lBLL01$h1734
=CAT  \\$aBATCH$b00$c20091205$lBLL01$h2352
=FIN  \\$aY
=FMT  \\$a  SE
=LAS  \\$aBATCH$b00$c20091205$lBLL01$h2352
=LEO  \\$aMP10.0000209999
=LKR  \\$aPAR$b007852371$lBLL01$r78000$mEngineering series bulletin /$nEngineering series - University of Missouri. Engineering Experiment Station
=SRC  \\$aDSS01$bbibmp10.200404.2.aa
=TCO  \\$aTRS$bCCC$c008

