=LDR  03249 as a2200817 a 4500
=001  005472751
=003  Uk
=005  20080310112432.0
=007  ta
=008  040409d19861987paumr\p\\\\\\\0\\\a0eng\\
=019  c\$a2317164
=022  0\$a0893-2360
=040  \\$aUk$cUk$dUk
=082  0\$a672.0685$219
=084  \\$aND 05$2blsrissc
=210  0\$aIron age, Manuf. manage.
=222  \0$aIron age. Manufacturing management
=245  00$aIron age.$pManufacturing management.
=246  30$aManufacturing management
=246  17$aIron age
=260  \\$a[Radnor, PA :$bChilton Co.,$cc1986-c1987]
=300  \\$a2 v. :$bill. ;$c28 cm.
=310  \\$aMonthly,$b<Feb. 1987>
=321  \\$aTwenty-four times a year,$b<Apr. 4, 1986-Dec. 5, 1986>
=336  \\$atext$2rdacontent
=337  \\$aunmediated$2rdamedia
=338  \\$avolume$2rdacarrier
=362  0\$aVol. 229, no. 7 (Apr. 4, 1986)-[v. 230, no. 4] (Apr. 1987).
=540  \\$aBritish Library not licensed to copy$c0$5Uk
=650  \0$aManufacturing industries$zUnited States$vPeriodicals.
=650  \0$aMetal-work$zUnited States$vPeriodicals.
=650  \0$aMetal-work$vPeriodicals.
=650  \0$aManufactures$vPeriodicals.
=650  \0$aManufactures$xManagement$vPeriodicals.
=650  \0$aMetal-work$xManagement$vPeriodicals.
=780  00$tChilton's iron age. Manufacturing management$x0747-6310
=785  04$tMetalworking news (New York, N.Y. : 1987)$x0891-4036
=852  71$aBritish Library$bSTI$k(P)$hND 05$m-E(13)$2blsrissc$31986-1987
=852  49$aBritish Library$bDSC$3See shelfmark 4576.000000 for stock 1986-1987
=985  \\$aRecord enhanced by DQ team
=A02  \\$a2317164
=ACF  \\$aPrevious Copyright Fee: GBP9.50$c0$e01-oct-2008$fGBP9.50$g0$hC$5Uk
=ACF  \\$aPrevious copyright fee: GBP10.50$c0$e01-jan-2011$fGBP10.50$g0$hA$5Uk
=CAT  \\$aCONV$b00$c20040502$lBLL01$h1101
=CAT  \\$a8456$b40$c20080305$lBLL01$h1151
=CAT  \\$a8456$b40$c20080305$lBLL01$h1621
=CAT  \\$a8456$b40$c20080307$lBLL01$h1453
=CAT  \\$a8456$b40$c20080307$lBLL01$h1455
=CAT  \\$a8456$b40$c20080310$lBLL01$h1124
=CAT  \\$aBATCH-CLA$b00$c20080829$lBLL01$h1834
=CAT  \\$aBATCH-CLA$b00$c20080829$lBLL01$h1839
=CAT  \\$aBATCH-UPD$b00$c20080930$lBLL01$h2308
=CAT  \\$aBATCH$b00$c20081001$lBLL01$h0028
=CAT  \\$aBATCH$b00$c20091206$lBLL01$h0001
=CAT  \\$aBATCH-UPD$b00$c20101201$lBLL01$h1201
=CAT  \\$aIPL-CLA$c20101231$lBLL01$h1126
=CAT  \\$aBATCH-UPD$b00$c20110907$lBLL01$h1748
=CAT  \\$aIPL-CLA$c20110908$lBLL01$h1700
=CAT  \\$aBATCH-CLA$b00$c20121102$lBLL01$h1751
=CAT  \\$aBATCH-CLA$b00$c20121130$lBLL01$h1239
=CAT  \\$aIPL-CLA$c20121231$lBLL01$h1237
=CAT  \\$aIPL-CLA$c20130102$lBLL01$h1633
=CFI  0\$aBritish Library not licensed to copy$c0$e01-jan-2013$hC$iCFP Excluded$5Uk
=CFI  2\$aBritish Library not licensed to copy$c0$e07-sep-2011$hC$iTX$5Uk
=FIN  \\$aY
=FMT  \\$a  SE
=LAS  \\$aIPL-CLA$b00$c20130102$lBLL01$h1633
=LEO  \\$aMP10.0000303668
=LKR  \\$aPAR$b005432612$lBLL01$r78000$mIron age. Manufacturing management$nChilton's iron age. Manufacturing management
=SRC  \\$aDSS01$bbibmp10.200404.2.aa
=TCO  \\$aTRS$bCCC$c008

