=LDR  02847 as a2200541 a 4500
=001  005476030
=003  Uk
=005  20100712125100.0
=007  ta
=008  850715d19251944ja\uu\p\\\\\\\0\\\a0eng\d
=019  c\$a2400393
=022  \\$a0040-8999
=035  \\$a(OCoLC)72813113
=040  \\$aNLGGC$bdut$cNLGGC$dUk$efobidrtb
=082  04$a551.05$222
=222  \0$aJournal of the Faculty of Science, Imperial University of Tokyo. Section 2, geology, mineralogy, geography, seismology
=245  00$aJournal of the Faculty of Science, University of Tokyo.$nSection 2,$pGeology, mineralogy, geography, seismology =$bTōkyō Daigaku Rigakubu kiyō. Dai 2-rui, Chishitsugaku, kōbutsugaku, chirigaku, jishingaku.
=246  30$aGeology, mineralogy, geography, seismology
=246  31$aTōkyō Daigaku Rigakubu kiyō.$nDai 2-rui,$pChishitsugaku, kōbutsugaku, chirigaku, jishingaku
=260  \\$aTokyo :$bImperial University of Tokyo,$c1925-1944.
=336  \\$atext$2rdacontent
=337  \\$aunmediated$2rdamedia
=338  \\$avolume$2rdacarrier
=650  \0$aGeology$vPeriodicals.
=650  \0$aGeology$zJapan$vPeriodicals.
=710  2\$aTōkyō Daigaku.$bRigakubu.
=780  01$tJournal of the College of Science, Imperial University of Tokyo,$x0368-2110
=785  00$tJournal of the Faculty of Science. Section 2, Geology, mineralogy, geography, geophysics,$x0368-2250
=852  71$aBritish Library$bSTI$k(P)$hNX 058$m-E(1)$2blsrissc$3Vol. 1 (1925)-v. 6 (1944)***UKRR Retained Title***Deficient: vol.6, pt 4-10
=852  49$aBritish Library$bDSC$3See shelfmark 4751.000000 for vol. 2(6), 1928 *A=1; 5, 1938- 22(4), 1995 *A=1
=945  \\$aJOURNAL- FACULTY OF SCIENCE IMPERIAL UNIVERSITY OF TOKYO SECTION 2 GEOLOGY MINERALOGY GEOGRAPHY SEISMOLOGY.
=A02  \\$a2400393
=CAT  \\$aCONV$b00$c20040502$lBLL01$h1101
=CAT  \\$a8201$b40$c20071119$lBLL01$h1548
=CAT  \\$aBATCH-UPD$b40$c20081030$lBLL01$h2232
=CAT  \\$aBATCH$b00$c20091206$lBLL01$h0002
=CAT  \\$a8874$b40$c20100712$lBLL01$h1251
=CAT  \\$aWR13.005$c20130329$lBLL01$h1239
=CAT  \\$aBATCH-UPD$b00$c20170302$lBLL01$h1832
=FIN  \\$aY
=FMT  \\$a  SE
=LAS  \\$aBATCH-UPD$b00$c20170302$lBLL01$h1832
=LEO  \\$aMP10.0000314739
=LKR  \\$aPAR$b010484804$lBLL01$r78000$mJournal of the Faculty of Science, Imperial University of Tokyo. Section 2, geology, mineralogy, geography, seismology$nJOURNAL- COLLEGE OF SCIENCE IMPERIAL UNIVERSITY OF TOKYO.
=LKR  \\$aPAR$b010485085$lBLL01$r78500$mJournal of the Faculty of Science, Imperial University of Tokyo. Section 2, geology, mineralogy, geography, seismology$nJournal of the Faculty of Science, University of Tokyo. Section 2, Geology, mineralogy, geography, geophysics
=SID  \\$aZ39$bOCLC
=SRC  \\$aDSS01$bbibmp10.200404.2.aa
=TCO  \\$aJPN$bJAACC$c008

