=LDR  02583 as a2200673 a 4500
=001  005476601
=003  Uk
=005  20101008135659.0
=007  ta
=008  040409d19641965stkar\p\\\\\\\0\\\a0eng\\
=019  c\$a2194032
=019  0\$as066680026
=022  0\$a0368-3044$202
=030  \\$aJMCSAB
=040  \\$aUk$cUk$dUk
=042  \\$aissnuk
=084  \\$aN 00$2blsrissc
=210  0\$aJ. Metall. Club, Univ. Strathclyde
=222  \0$aJournal of the Metallurgical Club, University of Strathclyde
=245  00$aJournal of the Metallurgical Club, University of Strathclyde.
=260  \\$aGlasgow :$bMetallurgical Club. University of Strathclyde
=300  \\$c23 cm.
=300  \\$a1 v. :$bill. ;$c24 cm.
=336  \\$atext$2rdacontent
=337  \\$aunmediated$2rdamedia
=338  \\$avolume$2rdacarrier
=362  0\$aNumber 17 (1964-65).
=650  \0$aMetallurgy$vPeriodicals.
=710  2\$aMetallurgical Club (Royal College of Science and Technology (Glasgow, Scotland))
=780  00$tJournal of the Metallurgical Club, Royal College of Science and Technology$x0368-3176
=785  00$tMetallurgical Journal (Glasgow)$x0369-0628
=852  71$aBritish Library$bSTI$k(P)$hN 00$m-E(19)$2blsrissc$3No.17, 1964/65
=852  49$aBritish Library$bDSC$3See shelfmark 4824.800000 for stock
=886  2\$2blmarc$a029$b00$aS066680018$aS066680034
=945  \\$aJournal- Metallurgical Club, University of Strathclyde.
=963  \\$aNO. 17, 1964/1965 *A=1$bN$cL432:4.C.1
=968  \\$bR
=985  \\$aRecord merged by DQ team
=A02  \\$a2194032
=ACF  \\$aCurrent copyright fee: GBP4.20$c0$e01-apr-1997$fGBP4.20$g0$hA$5Uk
=CAT  \\$aCONV$b00$c20040502$lBLL01$h1101
=CAT  \\$a8456$b40$c20080121$lBLL01$h1101
=CAT  \\$a8456$b40$c20080121$lBLL01$h1632
=CAT  \\$aBATCH$b00$c20091206$lBLL01$h0003
=CAT  \\$a5100$b40$c20101008$lBLL01$h1356
=CAT  \\$aBATCH-CLA$b00$c20121102$lBLL01$h1751
=CAT  \\$aWR13.005$c20130329$lBLL01$h1239
=CFI  2\$aCurrent copyright fee: GBP4.40$c0$e01-jul-1998$fGBP4.40$g0$hA$5Uk
=FIN  \\$aY
=FMT  \\$a  SE
=LAS  \\$aWR13.005$b00$c20130329$lBLL01$h1239
=LEO  \\$aMP22.0000022828
=LEO  \\$aMP25.0000006683
=LEO  \\$aMP10.0000316585
=LKR  \\$aPAR$b010486346$lBLL01$r78000$mJournal of the Metallurgical Club, University of Strathclyde$nJournal of the Metallurgical Club, Royal College of Science and Technology
=SRC  \\$aISN01$bbibmp22.200404.2.aa
=SRC  \\$aSRI01$bbibmp25.200404.2.aa
=SRC  \\$aDSS01$bbibmp10.200404.2.aa
=TCO  \\$aCLA$bCLA$c008

