=LDR  02035 as a2200541 a 4500
=001  005477519
=003  Uk
=005  20081007143222.0
=007  ta
=008  040409d19311947ru\bx\p\\\\\\\0\\\c0rus\\
=019  c\$a2574285
=040  \\$aUk$cUk$dUk
=041  0\$arus$afre$ager$beng
=084  \\$aCP 00$2blsrissc
=245  00$aBotanicheskii zhurnal SSSR =$bJournal botanique de l'URSS.
=246  31$aJournal botanique de l'URSS
=260  \\$aLeningrad :$bIzd-vo "Nauka" Leningradskoe otdelenie,$c1932-1947.
=300  \\$a16 v. :$bill. ;$c25-27 cm.
=310  \\$aSix no. a year
=336  \\$atext$2rdacontent
=337  \\$aunmediated$2rdamedia
=338  \\$avolume$2rdacarrier
=362  0\$aT. 17, no. 1-t. 32, no. 6.
=500  \\$aAt head of title: v. 24-32, 1939-1947, Akademiia nauk SSSR.
=510  2\$aChemical abstracts$x0009-2258
=546  \\$aChiefly in Russian, some articles in French and German; added table of contents and summaries in English.
=550  \\$aOrgan of Vsesokiluznoe botanicheskoe obshchestvo.
=555  \\$aVol. 17-32 in v. 41, no. 12.
=650  \0$aBotany$vPeriodicals.
=650  \0$aBotany$zSoviet Union$vPeriodicals.
=710  2\$aVsesoi︠u︡znoe botanicheskoe obshchestvo.
=780  00$tZhurnal Russkogo botanicheskogo obshchestva
=785  00$tBotanicheskiĭ zhurnal (St. Petersburg, Russia)
=852  71$aBritish Library$bSTI$k(P)$hCP 00$m-R(3)$2blsrissc$3Tom 17(1) 1932- 32(6) 1947 ; Deficient: tom 28, no.1, 2; tom 31, no.6; tom 32;
=852  49$aBritish Library$bDSC$3See shelfmark 0019.000000
=985  \\$aRecord enhanced by DQ team
=A02  \\$a2574285
=CAT  \\$aCONV$b00$c20040502$lBLL01$h1101
=CAT  \\$a8456$b40$c20081007$lBLL01$h1423
=CAT  \\$a8456$b40$c20081007$lBLL01$h1426
=CAT  \\$a8456$b40$c20081007$lBLL01$h1432
=CAT  \\$aBATCH$b00$c20091206$lBLL01$h0003
=FIN  \\$aY
=FMT  \\$a  SE
=LAS  \\$aBATCH$b00$c20091206$lBLL01$h0003
=LEO  \\$aMP10.0000319628
=SRC  \\$aDSS01$bbibmp10.200404.2.aa
=TCO  \\$aXXX$c008

