=LDR  03591cas a2200865 a 4500
=001  005505627
=003  Uk
=005  20221231161651.0
=007  ta
=008  040409c19819999enku|\\\\\\\\\0\\\a0eng\\
=019  0\$as514464003
=019  c\$a2238508
=040  \\$aUk$cUk$dUk
=084  \\$aGY 41$2blsrissc
=245  00$aPediatric anesthesia :$bcurrent practice.
=260  \\$aNew York ;$aLondon :$bAcademic Press,
=300  \\$av. <1-> :$bill. ;$c24 cm.
=336  \\$atext$2rdacontent
=337  \\$aunmediated$2rdamedia
=338  \\$avolume$2rdacarrier
=500  \\$aEditor: M. Ramez Salem.
=540  \\$aCurrent Copyright Fee: GBP25.00$c0$5Uk
=650  \0$aPediatric anesthesia.
=852  49$aBritish Library$bDSC$3See shelfmark 6333.399705 for DSC stock
=852  71$aBritish Library$bSTI$k(P)$hGY 41$m-E(2)$2blsrissc$3Vol.1, 1981-
=963  \\$aVOL. 1, 1981 *A=1$bN$c322:01.C.7
=985  \\$aRecord merged by DQ team
=A02  \\$a2238508
=ACF  \\$aPrevious copyright fee: GBP9.00$c0$e01-apr-2010$fGBP9.00$g0$hA$5Uk
=ACF  \\$aPrevious copyright fee: GBP6.00$c0$e01-apr-2008$fGBP6.00$g0$hA$5Uk
=ACF  \\$aPrevious copyright fee: GBP5.00$c0$e01-jul-2002$fGBP5.00$g0$hA$5Uk
=ACF  \\$aCurrent copyright fee: GBP4.40$c0$e01-jul-1998$fGBP4.40$g0$hA$5Uk
=ACF  \\$aCurrent copyright fee: GBP4.20$c0$e01-apr-1997$fGBP4.20$g0$hA$5Uk
=ACF  \\$aPrevious copyright fee: GBP10.50$c0$e01-jan-2011$fGBP10.50$g0$hA$5Uk
=ACF  \\$aPrevious copyright fee: GBP12.00$c0$e01-jan-2012$fGBP12.00$g0$hA$5Uk
=ACF  \\$aPrevious Copyright Fee: GBP12.30$c0$e01-jan-2014$fGBP12.30$g0$hA$5Uk
=ACF  \\$aPrevious Copyright Fee: GBP15.00$c0$e01-jan-2017$fGBP15.00$g0$hA$5Uk
=ACF  \\$aPrevious Copyright Fee: GBP17.50$c0$e01-jan-2018$fGBP17.50$g0$hA$5Uk
=ACF  \\$aPrevious Copyright Fee: GBP20.00$c0$e01-jan-2020$fGBP20.00$g0$hA$5Uk
=CAT  \\$aCONV$b00$c20040502$lBLL01$h1102
=CAT  \\$aBATCH-UPD$b00$c20100331$lBLL01$h2029
=CAT  \\$aBATCH-UPD$b00$c20100401$lBLL01$h0006
=CAT  \\$aBATCH$b00$c20100401$lBLL01$h0321
=CAT  \\$aBATCH$b00$c20100401$lBLL01$h1318
=CAT  \\$a8456$b40$c20100716$lBLL01$h1309
=CAT  \\$aBATCH-UPD$b40$c20101124$lBLL01$h1712
=CAT  \\$aBATCH-UPD$b40$c20101125$lBLL01$h0934
=CAT  \\$aIPL-CLA$c20101231$lBLL01$h1131
=CAT  \\$aWR11_203$c20111204$lBLL01$h1237
=CAT  \\$aIPL-CLA$c20111230$lBLL01$h1636
=CAT  \\$aBATCH-CLA$b00$c20121103$lBLL01$h1039
=CAT  \\$aWR12_168$c20121206$lBLL01$h1807
=CAT  \\$aBATCH-CLA$c20131211$lBLL01$h1825
=CAT  \\$aIPL-CLA$c20131231$lBLL01$h1615
=CAT  \\$aBATCH-CLA$b00$c20161222$lBLL01$h1602
=CAT  \\$aIPL-CLA$c20161230$lBLL01$h1518
=CAT  \\$aBATCH-CLA$b00$c20171222$lBLL01$h1849
=CAT  \\$aIPL-CLA$c20171231$lBLL01$h1107
=CAT  \\$aBATCH-CLA$b00$c20191219$lBLL01$h1521
=CAT  \\$aIPL-CLA$c20191231$lBLL01$h1527
=CAT  \\$aR2001-1524$c20200127$lBLL01$h1908
=CAT  \\$aBATCH-CLA$b00$c20201204$lBLL01$h1307
=CAT  \\$aIPL-CLA$c20201231$lBLL01$h1654
=CAT  \\$aBATCH-CLA$b00$c20221221$lBLL01$h1604
=CAT  \\$aIPL-CLA$c20221231$lBLL01$h1616
=CFI  0\$aCurrent Copyright Fee: GBP25.00$c0$e01-jan-2023$fGBP25.00$g0$hA$5Uk
=CFI  2\$aPrevious Copyright Fee: GBP22.50$c0$e01-jan-2021$fGBP22.50$g0$hA$5Uk
=FIN  \\$aY
=FMT  \\$a  SE
=LAS  \\$aIPL-CLA$b00$c20221231$lBLL01$h1616
=LEO  \\$aMP25.0000205209
=LEO  \\$aMP10.0000433846
=SRC  \\$aSRI01$bbibmp25.200404.2.aa
=SRC  \\$aDSS01$bbibmp10.200404.2.aa
=TCO  \\$aCLA$bCLA$c008

