=LDR  02023 as a2200541 a 4500
=001  005509329
=003  Uk
=005  20101101120302.0
=007  ta
=008  810407d19701979nyuar\\\\\\\\\1\\\a0eng\d
=019  c\$a2127407
=035  \\$a(OCoLC)7315594
=040  \\$aCOD$cCOD$dNSD$dDLC$dUIU$dOCL$dOCLCQ$dUk
=043  \\$an-us---
=050  \4$aTL716.A1$bA52
=082  04$a629.133352$222
=110  2\$aAmerican Helicopter Society.
=245  10$aPreprint.
=260  \\$aNew York, N.Y. :$bThe Society
=300  \\$a10 v. :$bill. ;$c28 cm.
=336  \\$atext$2rdacontent
=337  \\$aunmediated$2rdamedia
=338  \\$avolume$2rdacarrier
=362  0\$a1970-1979.
=500  \\$aPapers presented at the AHS annual national forum, Washington, D.C.; 1971 and 1976 called the "annual national V/STOL forum."
=595  \\$aSEE 1089.2.
=650  \0$aHelicopters$vCongresses.
=650  \0$aAeronautics$zUnited States$vCongresses.
=650  \0$aVertically rising aircraft$vCongresses.
=780  00$aAmerican Helicopter Society. National Forum.$tProceedings of the ... Annual National Forum$x0065-8510
=785  00$aAmerican Helicopter Society.$tAnnual forum proceedings$x0733-4249
=852  71$aBritish Library$bSTI$k(P)$hVD 06$m-E(7)$2blsrissc$31947- ; 3rd, 1947-
=852  49$aBritish Library$bDSC$3See shelfmark 1089.200000 for 1967-34th (1978)
=945  \\$aPREPRINTS OF THE ANNUAL NATIONAL FORUM- AMERICAN HELICOPTER SOCIETY.
=A02  \\$a2127407
=CAT  \\$aCONV$b00$c20040502$lBLL01$h1102
=CAT  \\$aBATCH$b00$c20091206$lBLL01$h0015
=CAT  \\$a8201$b40$c20101101$lBLL01$h1145
=CAT  \\$a8201$b40$c20101101$lBLL01$h1203
=CAT  \\$aWR13.005$c20130322$lBLL01$h1825
=FIN  \\$aY
=FMT  \\$a  SE
=LAS  \\$aWR13.005$b00$c20130322$lBLL01$h1825
=LEO  \\$aMP10.0000449037
=LKR  \\$aPAR$b009836010$lBLL01$r78500$mPreprint.$nAnnual forum proceedings - American Helicopter Society
=SID  \\$aZ39$bOCLC
=SRC  \\$aDSS01$bbibmp10.200404.2.aa
=TCO  \\$aTRS$bCCC$c008

