=LDR  02482 as a2200661 a 4500
=001  005524807
=003  Uk
=005  20201124181238.0
=007  ta
=008  040410d19661976fr\qr\p\\\\\\\0\\\b0fre\\
=019  c\$a2148350
=019  0\$as244203008
=022  0\$a0006-3428
=040  \\$aUk$cUk$dUk
=041  0\$afre$bfre$beng
=082  0\$a573.6
=084  \\$aGH 18$2blsrissc
=210  0\$aRev. soc. biom. hum.
=222  \0$aRevue de la Société de biométrie humaine
=245  00$aRevue de la Société de biométrie humaine.
=246  17$aBiométrie humaine$f<, sept./déc. 1972-sept. 1974>
=260  \\$aParis :$bLaboratoire de biométrie humaine,
=300  \\$a11 v. ;$c24 cm.
=310  \\$aQuarterly
=336  \\$atext$2rdacontent
=337  \\$aunmediated$2rdamedia
=338  \\$avolume$2rdacarrier
=362  1\$aBegan with: T. 1 (mars/juin 1966).
=362  1\$aCeased with: T. 11 (janv./déc 1976).
=500  \\$aTo tome 7, 1972, published by the Laboratoire de biométrie humaine.
=546  \\$aIn French; Later issues include summaries in English.
=650  \0$aAnthropometry$vPeriodicals.
=650  \0$aHuman physiology$xMeasurement$vPeriodicals.
=650  \0$aBiometry$vPeriodicals.
=710  2\$aSociété de biométrie humaine (France)
=710  2\$aLaboratoire de biométrie humaine (Centre national de la recherche scientifique)
=780  00$tBiotypologie
=785  00$tBiométrie humaine$x0183-5688
=852  49$aBritish Library$bDSC$3For DSC stock see shelfmark 2088.200000
=852  71$aBritish Library$bSTI$k(P)$hGH 18$m-F(1)$2blsrissc$3Tome 1, 1966-11, 1976
=963  \\$a[NS]: 1, 1966- 11, 1976 *A=1$bN$cL380.C.23
=964  \\$aT. 1, 1966- 11, 1976 *A=1$c572$dO$eTP2881
=985  \\$aRecord merged by DQ team
=985  \\$aUpgraded by BSS-generated file for WR2011-1473
=A02  \\$a2148350
=CAT  \\$aCONV$b00$c20040502$lBLL01$h1103
=CAT  \\$a8456$b40$c20080424$lBLL01$h1754
=CAT  \\$aBATCH$b00$c20091206$lBLL01$h0020
=CAT  \\$aW2011-1473$b00$c20201124$lBLL01$h1812
=FIN  \\$aY
=FMT  \\$a  SE
=LAS  \\$aW2011-1473$b00$c20201124$lBLL01$h1812
=LEO  \\$aMP25.0000096917
=LEO  \\$aMP10.0000509184
=LKR  \\$aPAR$b002773933$lBLL01$r78000$mRevue de la Société de biométrie humaine$nBiotypologie : bulletin de la Société de biotypologie.
=SRC  \\$aSRI01$bbibmp25.200404.2.aa
=SRC  \\$aDSS01$bbibmp10.200404.2.aa
=TCO  \\$aFRA$bCFC$c008

