=LDR  03316 as a2200853 a 4500
=001  005533627
=003  Uk
=005  20100322104158.0
=007  ta
=008  780918d19571973nyubr\p\\\\\\\0\\\a0eng\\
=010  \\$a61000738
=019  c\$a2158101
=022  0\$a0278-3495
=035  \\$a(OCoLC)ocm04233048
=040  \\$aDLC$cMoSW$dNSDP$dCtY$dN$dDLC$dNSDP$dAIP$dOCoLC$dNST$dDLC$dNSDP$dMH$dDLC$dICRL$dOCoLC$dCU-S$dUk
=041  1\$aeng$hrus
=042  \\$alc$ansdp
=050  00$aQB1$b.A4713
=082  04$a520/.5
=210  0\$aSov. astron., A.J.
=222  \0$aSoviet astronomy. AJ
=245  00$aSoviet astronomy. AJ.
=246  3\$aSoviet astronomy. Astronomical journal
=260  \\$a[New York] :$bAmerican Institute of Physics.
=300  \\$av. :$bill., charts, diagrs. ;$c28 cm.
=310  \\$aBimonthly,$b<1973>
=321  \\$aIrregular,$bJan./Feb. 1958-<Dec. 1959>
=321  \\$aQuarterly
=336  \\$atext$2rdacontent
=337  \\$aunmediated$2rdamedia
=338  \\$avolume$2rdacarrier
=362  0\$av. 1- Jan./Feb. 1957-
=500  \\$a"A translation of the Astronomical journal of the Academy of Sciences of the USSR."
=500  \\$aIssued also in an annual cumulation.
=540  \\$aBritish Library not licensed to copy$c0$5Uk
=580  \\$aTranslation of: Astronomicheski͡i zhurnal. v. 34- Jan./Feb. 1957-
=595  \\$aSEE CTC 0421.21.
=650  \0$aAstronomy$vPeriodicals.
=710  2\$aAmerican Institute of Physics.
=730  0\$aAstronomicheski͡i zhurnal.
=765  1\$tAstronomicheski͡i zhurnal$x0004-6299
=785  00$tAstronomicheskiĭ zhurnal. English. Soviet astronomy$x0038-5301
=852  71$aBritish Library$bSTI$k(P)$hOT 00$m-E(35)$2blsrissc$31958- ; Vol.1-
=852  49$aBritish Library$bDSC$3See shelfmark 0421.210000
=945  \\$aSOVIET ASTRONOMY.
=A02  \\$a2158101
=ACF  \\$aBritish Library not licensed to copy$c0$e01-jan-2013$hC$iCFP Excluded$5Uk
=ACF  \\$aBritish Library not licensed to copy$c0$e01-jul-2013$hC$iCFP Excluded$5Uk
=ACF  \\$aBritish Library not licensed to copy$c0$e01-oct-2013$hC$iCFP Excluded$5Uk
=CAT  \\$aCONV$b00$c20040502$lBLL01$h1103
=CAT  \\$aBATCH$b00$c20091206$lBLL01$h0024
=CAT  \\$a8201$b40$c20100322$lBLL01$h1041
=CAT  \\$aBATCH-CLA$b00$c20121130$lBLL01$h1237
=CAT  \\$aIPL-CLA$c20121231$lBLL01$h1239
=CAT  \\$aIPL-CLA$c20130102$lBLL01$h1637
=CAT  \\$aWR13.005$c20130322$lBLL01$h1837
=CAT  \\$aBATCH-CLA$b00$c20130531$lBLL01$h1648
=CAT  \\$aIPL-CLA$c20130630$lBLL01$h2202
=CAT  \\$aBATCH-CLA$b00$c20130830$lBLL01$h1626
=CAT  \\$aIPL-CLA$c20130930$lBLL01$h1636
=CAT  \\$aBATCH-CLA$b00$c20131129$lBLL01$h1653
=CAT  \\$aIPL-CLA$c20131231$lBLL01$h1619
=CAT  \\$aBATCH-CLA$b00$c20140530$lBLL01$h1710
=CAT  \\$aIPL-CLA$c20140630$lBLL01$h1608
=CFI  0\$aBritish Library not licensed to copy$c0$e01-jul-2014$hC$iCFP Excluded$5Uk
=CFI  2\$aBritish Library not licensed to copy$c0$e01-jan-2014$hC$iCFP Excluded$5Uk
=FIN  \\$aY
=FMT  \\$a  SE
=LAS  \\$aIPL-CLA$b00$c20140630$lBLL01$h1608
=LEO  \\$aMP10.0000543244
=LKR  \\$aPAR$b009181219$lBLL01$r78500$mSoviet astronomy. AJ$nSoviet astronomy
=SID  \\$aZ39$bLOC
=SRC  \\$aDSS01$bbibmp10.200404.2.aa
=TCO  \\$aTRS$bCCC$c008

