=LDR  03884cas a2200865 a 4500
=001  005543936
=003  Uk
=005  20221231161833.0
=007  ta
=008  040410d19791980at\f|\p\\\\\\\0\\\a0eng\\
=019  c\$a2283459
=022  0\$a0159-2076
=040  \\$aUk$cUk$dUk
=210  0\$aTrans. Inst. Eng., Aust., Electr. eng.
=222  \0$aTransactions of the Institution of Engineers, Australia. Electrical engineering
=245  00$aTransactions of the Institution of Engineers, Australia.$pElectrical engineering.
=246  33$aElectrical engineering transactions
=260  \\$aCanberra:$bInstitution of Engineers, Australia
=300  \\$av.
=336  \\$atext$2rdacontent
=337  \\$aunmediated$2rdamedia
=338  \\$avolume$2rdacarrier
=362  0\$a15.1979,2 - 16.1980
=540  \\$aCurrent Copyright Fee: GBP25.00$c0$5Uk
=580  \\$aMerged with: Proceedings of the IREE Australia, to form: Journal of electrical and electronics engineering, Australia.
=710  2\$aInstitution of Engineers Australia.
=780  00$tElectrical engineering transactions$x0020-3300
=785  17$tJournal of electrical and electronics engineering, Australia$x0725-2986
=785  17$tProceedings of the IREE Australia$x0158-0736
=852  71$aBritish Library$bSTI$k(P)$hRC 00$m-E(56)$2blsrissc$3EE 15, no.2, 1979-EE 16, 1980
=852  49$aBritish Library$bDSC$3See shelfmark 3681.160000 for stock 1979-1980
=985  \\$aRecord enhanced by DQ team
=A02  \\$a2283459
=ACF  \\$aPrevious Copyright Fee: GBP2.00$c0$e01-oct-2008$fGBP2.00$g0$hC$5Uk
=ACF  \\$aPrevious copyright fee: GBP10.50$c0$e01-jan-2011$fGBP10.50$g0$hA$5Uk
=ACF  \\$aPrevious copyright fee: GBP12.00$c0$e01-jan-2012$fGBP12.00$g0$hA$5Uk
=ACF  \\$aPrevious Copyright Fee: GBP12.30$c0$e01-jan-2014$fGBP12.30$g0$hA$5Uk
=ACF  \\$aPrevious Copyright Fee: GBP15.00$c0$e01-jan-2017$fGBP15.00$g0$hA$5Uk
=ACF  \\$aPrevious Copyright Fee: GBP17.50$c0$e01-jan-2018$fGBP17.50$g0$hA$5Uk
=ACF  \\$aPrevious Copyright Fee: GBP20.00$c0$e01-jan-2020$fGBP20.00$g0$hA$5Uk
=CAT  \\$aCONV$b00$c20040502$lBLL01$h1103
=CAT  \\$a8456$b40$c20080107$lBLL01$h1423
=CAT  \\$aBATCH-CLA$b00$c20080829$lBLL01$h1841
=CAT  \\$aBATCH-CLA$b00$c20080829$lBLL01$h1845
=CAT  \\$aBATCH-UPD$b00$c20080930$lBLL01$h2309
=CAT  \\$aBATCH$b00$c20081001$lBLL01$h0029
=CAT  \\$aBATCH-UPD$b00$c20090702$lBLL01$h1800
=CAT  \\$aBATCH$b00$c20091206$lBLL01$h0027
=CAT  \\$aBATCH-UPD$b00$c20101201$lBLL01$h1205
=CAT  \\$aIPL-CLA$c20101231$lBLL01$h1135
=CAT  \\$aWR11_203$c20111204$lBLL01$h1240
=CAT  \\$aIPL-CLA$c20111230$lBLL01$h1639
=CAT  \\$aBATCH-CLA$b00$c20121103$lBLL01$h1036
=CAT  \\$aBATCH-CLA$c20131211$lBLL01$h1829
=CAT  \\$aIPL-CLA$c20131231$lBLL01$h1620
=CAT  \\$aBATCH-CLA$b00$c20161222$lBLL01$h1603
=CAT  \\$aIPL-CLA$c20161230$lBLL01$h1520
=CAT  \\$aBATCH-CLA$b00$c20171222$lBLL01$h1850
=CAT  \\$aIPL-CLA$c20171231$lBLL01$h1109
=CAT  \\$aBATCH-CLA$b00$c20191219$lBLL01$h1522
=CAT  \\$aIPL-CLA$c20191231$lBLL01$h1529
=CAT  \\$aR2001-1524$c20200127$lBLL01$h1908
=CAT  \\$aBATCH-CLA$b00$c20201204$lBLL01$h1309
=CAT  \\$aIPL-CLA$c20201231$lBLL01$h1656
=CAT  \\$aBATCH-CLA$b00$c20221221$lBLL01$h1605
=CAT  \\$aIPL-CLA$c20221231$lBLL01$h1618
=CFI  0\$aCurrent Copyright Fee: GBP25.00$c0$e01-jan-2023$fGBP25.00$g0$hA$5Uk
=CFI  2\$aPrevious Copyright Fee: GBP22.50$c0$e01-jan-2021$fGBP22.50$g0$hA$5Uk
=FIN  \\$aY
=FMT  \\$a  SE
=LAS  \\$aIPL-CLA$b00$c20221231$lBLL01$h1618
=LEO  \\$aMP10.0000582940
=LKR  \\$aPAR$b007849060$lBLL01$r78000$mTransactions of the Institution of Engineers, Australia. Electrical engineering$nElectrical engineering transactions
=SRC  \\$aDSS01$bbibmp10.200404.2.aa
=TCO  \\$aAUS$bCAL$c008

