=LDR  06689cas a2201381 a 4500
=001  005544822
=003  Uk
=005  20230210003934.0
=007  ta
=008  840411d19831999enkar\\\\\\\\\0\\\a0eng\d
=019  c\$a2366064
=019  0\$as519953002
=019  c\$a2434229
=022  0\$a0167-9430
=040  \\$aUk$cUk$dUk
=082  04$a660.6$221
=084  \\$aKH 80$2blsrissc
=130  0\$aTrends in biotechnology (Reference ed.)
=210  0\$aTrends biotechnol.$b(Ref. ed.)
=222  \0$aTrends in biotechnology$b(Reference ed.)
=245  10$aTrends in biotechnology.
=246  17$aTIBTECH,$f1986-1999
=260  \\$aAmsterdam, Netherlands :$bElsevier Science Publishers B.V. (Biomedical Division),$cc1983-1999.
=300  \\$a17 v. :$bill. ;$c27 cm.
=310  \\$aAnnual
=336  \\$atext$2rdacontent
=337  \\$aunmediated$2rdamedia
=338  \\$avolume$2rdacarrier
=362  0\$aVol. 1 (1983)-v. 17 (1999).
=500  \\$aPublished: Cambridge, UK : Elsevier Trends Journals, <1990>-1998; London: Elsevier Science London, 1999.
=530  \\$aAlso issued on microfiche.
=540  \\$aCurrent Copyright Fee: GBP34.00$c0$5Uk
=580  \\$aCompilation of articles reprinted from the regular ed.
=595  \\$aSEE 9049.547.
=650  \0$aBiotechnology$vPeriodicals.
=775  1\$tTrends in biotechnology (Personal ed.)$x0167-7799
=776  1\$cMicrofiche$x0167-9430
=852  71$aBritish Library$bSTI$k(P)$hKH 80$m-E(27)$2blsrissc$31983- ; Vol.1-
=852  49$aBritish Library$bDSC$3See shelfmark 9049.547000
=945  \\$aTRENDS IN BIOTECHNOLOGY -REFERENCE EDITION-.
=985  \\$aRecord merged by DQ team
=A02  \\$a2366064
=ACF  \\$aPrevious Copyright Fee: GBP21.00$c0$e01-apr-2012$fGBP21.00$g0$hC$5Uk
=ACF  \\$aPrevious Copyright Fee: GBP21.00$c0$e01-jan-2012$fGBP21.00$g0$hC$5Uk
=ACF  \\$aPrevious Copyright Fee: GBP20.00$c0$e01-oct-2011$fGBP20.00$g0$hC$5Uk
=ACF  \\$aPrevious Copyright Fee: GBP20.00$c0$e01-jul-2011$fGBP20.00$g0$hC$5Uk
=ACF  \\$aPrevious Copyright Fee: GBP20.00$c0$e01-apr-2011$fGBP20.00$g0$hC$5Uk
=ACF  \\$aPrevious Copyright Fee: GBP20.00$c0$e01-jan-2011$fGBP20.00$g0$hC$5Uk
=ACF  \\$aPrevious Copyright Fee: GBP20.00$c0$e01-oct-2010$fGBP20.00$g0$hC$5Uk
=ACF  \\$aPrevious Copyright Fee: GBP20.00$c0$e01-jul-2010$fGBP20.00$g0$hC$5Uk
=ACF  \\$aPrevious Copyright Fee: GBP20.00$c0$e01-apr-2010$fGBP20.00$g0$hC$5Uk
=ACF  \\$aPrevious Copyright Fee: GBP20.00$c0$e01-Jan-2010$fGBP20.00$g0$hC$5Uk
=ACF  \\$aPrevious Copyright Fee: GBP20.00$c0$e01-oct-2009$fGBP20.00$g0$hC$5Uk
=ACF  \\$aPrevious Copyright Fee: GBP20.00$c0$e01-jul-2009$fGBP20.00$g0$hC$5Uk
=ACF  \\$aPrevious Copyright Fee: GBP20.00$c0$e01-apr-2009$fGBP20.00$g0$hC$5Uk
=ACF  \\$aPrevious Copyright Fee: GBP20.00$c0$e01-jan-2009$fGBP20.00$g0$hC$5Uk
=ACF  \\$aPrevious Copyright Fee: GBP19.00$c0$e01-oct-2008$fGBP19.00$g0$hC$5Uk
=ACF  \\$aPrevious Copyright Fee: GBP19.00$c0$e01-jul-2008$fGBP19.00$g0$hC$5Uk
=ACF  \\$aPrevious Copyright Fee: GBP19.00$c0$e01-apr-2008$fGBP19.00$g0$hC$5Uk
=ACF  \\$aPrevious Copyright Fee: GBP19.00$c0$e01-jan-2008$fGBP19.00$g0$hC$5Uk
=ACF  \\$aPrevious Copyright Fee: GBP18.00$c0$e01-oct-2007$fGBP18.00$g0$hC$5Uk
=ACF  \\$aPrevious Copyright Fee: GBP18.00$c0$e01-jul-2007$fGBP18.00$g0$hC$5Uk
=ACF  \\$aPrevious Copyright Fee: GBP18.00$c0$e01-apr-2007$fGBP18.00$g0$hC$5Uk
=ACF  \\$aPrevious Copyright Fee: GBP18.00$c0$e01-jan-2007$fGBP18.00$g0$hC$5Uk
=ACF  \\$aPrevious Copyright Fee: GBP18.00$c0$e01-oct-2006$fGBP18.00$g0$hC$5Uk
=ACF  \\$aPrevious Copyright Fee: GBP18.00$c0$e01-jul-2006$fGBP18.00$g0$hC$5Uk
=ACF  \\$aPrevious Copyright Fee: GBP18.00$c0$e01-apr-2006$fGBP18.00$g0$hC$5Uk
=ACF  \\$aPrevious Copyright Fee: GBP18.00$c0$e01-jan-2006$fGBP18.00$g0$hC$5Uk
=ACF  \\$aPrevious Copyright Fee: GBP18.00$c0$e01-oct-2005$fGBP18.00$g0$hC$5Uk
=ACF  \\$aPrevious Copyright Fee: GBP18.00$c0$e01-jul-2005$fGBP18.00$g0$hC$5Uk
=ACF  \\$aPrevious Copyright Fee: GBP18.00$c0$e01-apr-2005$fGBP18.00$g0$hC$5Uk
=ACF  \\$aPrevious Copyright Fee: GBP18.00$c0$e01-jan-2005$fGBP18.00$g0$hC$5Uk
=ACF  \\$aPrevious Copyright Fee: GBP20.00$c0$e01-oct-2004$fGBP20.00$g0$hC$5Uk
=ACF  \\$aPrevious Copyright Fee: GBP21.00$c0$e01-jul-2012$fGBP21.00$g0$hC$5Uk
=ACF  \\$aPrevious Copyright Fee: GBP21.00$c0$e01-oct-2012$fGBP21.00$g0$hC$5Uk
=ACF  \\$aPrevious Copyright Fee: GBP22.50$c0$e01-jan-2016$fGBP22.50$g0$hC$5Uk
=ACF  \\$aPrevious Copyright Fee: GBP23.40$c0$e01-jan-2018$fGBP23.40$g0$hC$5Uk
=ACF  \\$aPrevious Copyright Fee: GBP34.00$c0$e01-apr-2021$fGBP34.00$g0$hC$5Uk
=CAT  \\$aCONV$b00$c20040502$lBLL01$h1103
=CAT  \\$aIPL-CLA$c20101231$lBLL01$h1136
=CAT  \\$aBATCH-CLA$b00$c20110228$lBLL01$h1544
=CAT  \\$aIPL-CLA$c20110331$lBLL01$h1421
=CAT  \\$aBATCH-CLA$b00$c20110531$lBLL01$h1642
=CAT  \\$aIPL-CLA$c20110630$lBLL01$h1502
=CAT  \\$aBATCH-CLA$b00$c20110831$lBLL01$h1758
=CAT  \\$aIPL-CLA$c20110930$lBLL01$h1500
=CAT  \\$aBATCH-CLA$b00$c20111130$lBLL01$h1203
=CAT  \\$aIPL-CLA$c20111230$lBLL01$h1640
=CAT  \\$aBATCH-CLA$b00$c20120229$lBLL01$h1612
=CAT  \\$aIPL-CLA$c20120330$lBLL01$h1346
=CAT  \\$aBATCH-CLA$b00$c20120531$lBLL01$h1657
=CAT  \\$aIPL-CLA$c20120629$lBLL01$h0942
=CAT  \\$aBATCH-CLA$b00$c20120831$lBLL01$h1541
=CAT  \\$aIPL-CLA$c20120930$lBLL01$h1949
=CAT  \\$aBATCH-CLA$b00$c20121103$lBLL01$h1036
=CAT  \\$aWR13.005$c20130322$lBLL01$h1842
=CAT  \\$aBATCH-CLA$b00$c20151127$lBLL01$h1629
=CAT  \\$aIPL-CLA$c20151231$lBLL01$h1839
=CAT  \\$aBATCH-CLA$b00$c20171130$lBLL01$h1702
=CAT  \\$aIPL-CLA$c20171231$lBLL01$h1109
=CAT  \\$aBATCH-CLA$b00$c20210227$lBLL01$h1013
=CAT  \\$aIPL-CLA$c20210331$lBLL01$h1806
=CAT  \\$aBATCH-CLA$b00$c20221130$lBLL01$h1445
=CAT  \\$aIPL-CLA$c20221231$lBLL01$h1618
=CAT  \\$aBATCH-CLA$b00$c20230209$lBLL01$h1532
=CAT  \\$aIPL-CLA$c20230210$lBLL01$h0039
=CFI  0\$aCurrent Copyright Fee: GBP34.00$c0$e09-feb-2023$fGBP34.00$g0$hC$5Uk
=CFI  2\$aBritish Library not licensed to copy$c0$e01-jan-2023$hC$iCFP Excluded$5Uk
=FIN  \\$aY
=FMT  \\$a  SE
=LAS  \\$aIPL-CLA$b00$c20230210$lBLL01$h0039
=LEO  \\$aMP10.0000576995
=LEO  \\$aMP25.0000211121
=LEO  \\$aMP10.0000586099
=LKR  \\$aPAR$b011143040$lBLL01$r775$mTrends in biotechnology (Reference ed.)$nTRENDS IN BIOTECHNOLOGY.
=SRC  \\$aDSS01$bbibmp10.200404.2.aa
=SRC  \\$aSRI01$bbibmp25.200404.2.aa
=TCO  \\$aCLA$bCLA$c008

