=LDR  01463 as a2200457 a 4500
=001  005559070
=003  Uk
=005  20131127121245.0
=007  ta
=008  840814u19uuuuuutxu||\\\\\s\\s0\\\a0eng\c
=010  \\$a2008229380
=035  \\$a(OCoLC)11054108
=040  \\$aIKM$cIKM$dTAI$dOCL$dFUG$dUk
=042  \\$alcd
=043  \\$an-us-tx
=050  \4$aSB433$b.T45
=082  04$a633.202$222
=245  00$aTexas turfgrass research.
=260  \\$aCollege Station, Tex. :$bTexas Agricultural Experiment Station.
=300  \\$av. :$bill. ;$c28 cm.
=336  \\$atext$2rdacontent
=337  \\$aunmediated$2rdamedia
=338  \\$avolume$2rdacarrier
=490  1\$aConsolidated PR
=500  \\$aIssued as part of the PR (Progress report) series as a Consolidated PR.
=650  \0$aTurfgrasses$zTexas$vPeriodicals.
=710  2\$aTexas Agricultural Experiment Station.
=773  0\$tPR (Texas Agricultural Experiment Station)$x1058-1138
=830  \0$aPR (Texas Agricultural Experiment Station)
=852  71$aBritish Library$bSTI$k(B)$hDY 93$31992
=852  41$aBritish Library$bHMNTS
=A02  \\$a1261933$z61933
=CAT  \\$aCONV$b00$c20040502$lBLL01$h1104
=CAT  \\$aBATCH$b00$c20091206$lBLL01$h0033
=CAT  \\$a3563$b40$c20100216$lBLL01$h1119
=CAT  \\$a8456$b40$c20131127$lBLL01$h1212
=FMT  \\$a  SE
=LAS  \\$a8456$b40$c20131127$lBLL01$h1212
=SID  \\$aZ39$bOCLC
=SRC  \\$aDSS02$bbibh.200404.2.aa
=TCO  \\$aTRS$bCCC$c008

