=LDR  01433 as a2200469 a 4500
=001  005580113
=003  Uk
=005  20100219130303.0
=006  aa\\\|||||||||||||
=007  ta
=008  710827d19711971enkuu\p\\\\\\\0\\\a0eng\\
=015  \\$aGB7120438$2bnb
=019  y\$aB7120438
=019  9\$ab7120438
=040  \\$aUk$cUk$dUk
=041  0\$aeng$bger
=050  00$aQD181.P1
=082  04$a546.712205$218
=245  00$aPhosphorus and the heavier group Va elements.
=246  17$aPhosphorus
=260  \\$aLondon :$bGordon and Breach,$c1971.
=300  \\$a1 v. :$bill. ;$c27 cm.
=310  \\$aSix issues a year.
=336  \\$atext$2rdacontent
=337  \\$aunmediated$2rdamedia
=338  \\$avolume$2rdacarrier
=362  0\$aVol. 1, no. 1 (July 1971)-
=505  0\$aIncludes a contribution in German.
=650  \0$aPhosphorus$vPeriodicals.
=785  00$tPhosphorus and the related group V elements$x0369-9722
=852  41$aBritish Library$bDSC$3See 6465.270000
=852  71$aBritish Library$bSTI$k(P)$hJL 87$m-E(2)$2blsrissc$3Vol. 1 (1971)
=CAT  \\$aCONV$b00$c20040502$lBLL01$h1109
=CAT  \\$aglobal_upd$b40$c20060416$lBLL01$h2039
=CAT  \\$a6537$b40$c20100219$lBLL01$h1303
=CAT  \\$aWR14_140$c20140905$lBLL01$h1707
=FIN  \\$aY
=FMT  \\$a  SE
=LAS  \\$aWR14_140$b00$c20140905$lBLL01$h1707
=LEO  \\$aMP3.0000000299
=SRC  \\$aBNB02$bbibmp3.200404.2.aa
=TCO  \\$aCLA$bCLA$c008

