=LDR  04668cas a2201165 a 4500
=001  007164028
=003  Uk
=005  20230210004108.0
=007  ta
=008  000111d19992014txuer\p\\\\\\\0\\\a0eng\\
=015  \\$aGBA003444$2bnb
=019  c\$a2585862
=019  y\$abA003444
=019  9\$abA003444
=019  0\$as653668007
=022  0\$a1469-1051$y1469-106X$202
=039  0\$a2574
=040  \\$aUk$cUk$dUk
=042  \\$aissnuk
=082  04$a338.2728$221
=084  \\$aVV 75$2blsrissc
=210  0\$aDeep. int.
=222  \0$aDeepwater international
=245  00$aDeepwater international.
=246  17$aHart's deepwater international
=260  \\$aWest Byfleet :$bHart,$c1999-2014
=264  31$aHouston, Texas :$bHart Energy Publishing
=300  \\$av. ;$c30 cm.
=310  \\$aFortnightly
=336  \\$atext$2rdacontent
=337  \\$aunmediated$2rdamedia
=338  \\$avolume$2rdacarrier
=362  0\$aVol.1, issue 1 ([May 1999?])-
=500  \\$aDescription based on: Vol.1, issue 13 (17 Nov. 1999).
=540  \\$aCurrent Copyright Fee: GBP25.00$c0$5Uk
=588  \\$aLatest issue consulted: vol. 16, issue 5 (10 March 2014).
=650  \0$aOcean engineering$xEconomic aspects$vPeriodicals.
=650  \0$aOcean mining$xEconomic aspects$vPeriodicals.
=690  7\$aManagement and Business Studies$2blcoll
=852  41$aBritish Library$bHMNTS$3Vol. 1, no. 2 (1999)-v. 2, no. 26 (2000)***Earlier issues
=852  71$aBritish Library$bSTI$k(P)$hVV 75$m-E(45)$2blsrissc$3Vol. 3, issue 1 (2001)-v.16, issue 7 (2014)
=945  \\$aDEEPWATER INTERNATIONAL.
=957  \\$a991119c
=963  \\$aVOL. 1, 1999- *A=1$bN$cU
=979  \\$aBritish Library$bDSC$j3541.187000N$xNot selected
=985  \\$aRecord merged by DQ team
=A02  \\$a2585862
=ACF  \\$aPrevious copyright fee: GBP9.00$c0$e01-apr-2010$fGBP9.00$g0$hA$5Uk
=ACF  \\$aPrevious copyright fee: GBP6.00$c0$e01-apr-2008$fGBP6.00$g0$hA$5Uk
=ACF  \\$aPrevious copyright fee: GBP5.00$c0$e01-jul-2002$fGBP5.00$g0$hA$5Uk
=ACF  \\$aCurrent copyright fee: GBP4.40$c0$e14-oct-1999$fGBP4.40$g0$hA$5Uk
=ACF  \\$aPrevious copyright fee: GBP10.50$c0$e01-jan-2011$fGBP10.50$g0$hA$5Uk
=ACF  \\$aPrevious copyright fee: GBP12.00$c0$e01-jan-2012$fGBP12.00$g0$hA$5Uk
=ACF  \\$aPrevious Copyright Fee: GBP12.30$c0$e01-jan-2014$fGBP12.30$g0$hA$5Uk
=ACF  \\$aPrevious Copyright Fee: GBP15.00$c0$e01-jan-2017$fGBP15.00$g0$hC$5Uk
=ACF  \\$aPrevious Copyright Fee: GBP17.50$c0$e01-jan-2018$fGBP17.50$g0$hC$5Uk
=ACF  \\$aPrevious Copyright Fee: GBP20.00$c0$e01-jan-2020$fGBP20.00$g0$hC$5Uk
=ACF  \\$aPrevious Copyright Fee: GBP22.50$c0$e01-jan-2021$fGBP22.50$g0$hC$5Uk
=CAT  \\$aCONV$b00$c20040425$lBLL90$h0702
=CAT  \\$aBATCH-UPD$b00$c20100401$lBLL01$h0016
=CAT  \\$aBATCH$b00$c20100401$lBLL01$h0328
=CAT  \\$aBATCH$b00$c20100401$lBLL01$h1327
=CAT  \\$aBATCH-UPD$b00$c20101124$lBLL01$h1719
=CAT  \\$aBATCH-UPD$b00$c20101125$lBLL01$h0942
=CAT  \\$aIPL-CLA$c20101231$lBLL01$h1143
=CAT  \\$aWR11_203$c20111204$lBLL01$h1245
=CAT  \\$aIPL-CLA$c20111230$lBLL01$h1647
=CAT  \\$aBATCH-CLA$b00$c20121103$lBLL01$h1032
=CAT  \\$aWR13.005$c20130323$lBLL01$h1241
=CAT  \\$aBATCH-CLA$c20131213$lBLL01$h1958
=CAT  \\$aIPL-CLA$c20131231$lBLL01$h1831
=CAT  \\$a5997$b40$c20140410$lBLL01$h0802
=CAT  \\$aWR14_140$c20140905$lBLL01$h1713
=CAT  \\$aBATCH-CLA$b00$c20161130$lBLL01$h1649
=CAT  \\$aIPL-CLA$c20161230$lBLL01$h1755
=CAT  \\$aBATCH-CLA$b00$c20171130$lBLL01$h1717
=CAT  \\$aIPL-CLA$c20171231$lBLL01$h1332
=CAT  \\$aBATCH-CLA$b00$c20191129$lBLL01$h1632
=CAT  \\$aIPL-CLA$c20191231$lBLL01$h1707
=CAT  \\$aBATCH-CLA$b00$c20201126$lBLL01$h1422
=CAT  \\$aIPL-CLA$c20201231$lBLL01$h1902
=CAT  \\$a7764$b40$c20210406$lBLL01$h1436
=CAT  \\$aBATCH-CLA$b00$c20221130$lBLL01$h1502
=CAT  \\$aIPL-CLA$c20221231$lBLL01$h1820
=CAT  \\$aBATCH-CLA$b00$c20230209$lBLL01$h1548
=CAT  \\$aIPL-CLA$c20230210$lBLL01$h0041
=CFI  0\$aCurrent Copyright Fee: GBP25.00$c0$e09-feb-2023$fGBP25.00$g0$hC$5Uk
=CFI  2\$aBritish Library not licensed to copy$c0$e01-jan-2023$hC$iCFP Excluded$5Uk
=FIN  \\$aY
=FMT  \\$a  SE
=LAS  \\$aIPL-CLA$b00$c20230210$lBLL01$h0041
=LEO  \\$aMP5.0001451672
=LEO  \\$aMP22.0000063082
=LEO  \\$aMP25.0000335902
=LEO  \\$aMP10.0000181747
=SRC  \\$aBNB03$bbibmp5.200404.2.ac
=SRC  \\$aISN01$bbibmp22.200404.2.aa
=SRC  \\$aSRI01$bbibmp25.200404.2.aa
=SRC  \\$aDSS01$bbibmp10.200404.2.aa
=TCO  \\$aCLA$bCLA$c008

