=LDR  04888cas a2201153 a 4500
=001  002846898
=003  Uk
=005  20230210003832.0
=007  ta
=008  751101d19551959enkqr\p\\\\\\\0\\\a0eng\d
=010  \\$asc 86007066
=019  0\$as276730003
=019  x\$a2531880100
=022  0\$a0449-3281$202
=030  \\$aJTRPAO
=035  \\$a(OCoLC)1754850
=040  \\$aMUL$cMUL$dCOO$dRCS$dDLC$dOCL$dOCLCQ$dNLM$dCUS$dUk
=042  \\$aissnuk
=082  04$a618.929883$221
=084  \\$aGW 80$2blsrissc
=084  \\$aGT 05$2blsrissc
=130  0\$aJournal of tropical pediatrics (London, England : 1955)
=210  0\$aJ. trop. pediatr.
=222  \0$aJournal of tropical pediatrics
=245  04$aThe journal of tropical pediatrics.
=260  \\$a[London :$bEffingham House,$c1955-1959]
=300  \\$a5 v. :$bill. ;$c25 cm.
=310  \\$aQuarterly
=336  \\$atext$2rdacontent
=337  \\$aunmediated$2rdamedia
=338  \\$avolume$2rdacarrier
=362  1\$aBegan with: Vol. 1 in 1955.
=362  0\$a-v. 5, no. 2 (Sept. 1959).
=500  \\$aDescription based on: Vol. 5, no. 2 (Sept. 1959); title from cover.
=525  \\$aSupplements accompany some numbers.
=540  \\$aCurrent Copyright Fee: GBP13.00$c0$5Uk
=580  \\$aContinued in Dec. 1959 by: Journal of tropical pediatrics and African child health.
=650  \0$aPediatrics$vPeriodicals.
=650  \2$aPediatrics$vPeriodicals.
=650  \2$aTropical Medicine$vPeriodicals.
=785  10$tJournal of tropical pediatrics and African child health$x0368-4512
=852  49$aBritish Library$bDSC$3see shelfmark 5071.090000 for 1956-1959 ; 1967-1970 ; 1980-
=852  71$aBritish Library$bSTI$k(P)$hGW 80$m-E(3)$2blsrissc$31958-1959
=985  \\$aRecord merged by DQ team
=ACF  \\$aPrevious Copyright Fee: GBP13.00$c0$e01-apr-2012$fGBP13.00$g0$hC$5Uk
=ACF  \\$aPrevious Copyright Fee: GBP13.00$c0$e01-jan-2012$fGBP13.00$g0$hC$5Uk
=ACF  \\$aPrevious Copyright Fee: GBP13.00$c0$e01-oct-2011$fGBP13.00$g0$hC$5Uk
=ACF  \\$aPrevious Copyright Fee: GBP13.00$c0$e01-jul-2011$fGBP13.00$g0$hC$5Uk
=ACF  \\$aPrevious Copyright Fee: GBP13.00$c0$e01-apr-2011$fGBP13.00$g0$hC$5Uk
=ACF  \\$aPrevious Copyright Fee: GBP13.00$c0$e01-jan-2011$fGBP13.00$g0$hC$5Uk
=ACF  \\$aPrevious Copyright Fee: GBP13.00$c0$e01-oct-2010$fGBP13.00$g0$hC$5Uk
=ACF  \\$aPrevious Copyright Fee: GBP13.00$c0$e01-jul-2010$fGBP13.00$g0$hC$5Uk
=ACF  \\$aPrevious Copyright Fee: GBP13.00$c0$e01-apr-2010$fGBP13.00$g0$hC$5Uk
=ACF  \\$aPrevious Copyright Fee: GBP13.00$c0$e01-Jan-2010$fGBP13.00$g0$hC$5Uk
=ACF  \\$aPrevious Copyright Fee: GBP13.00$c0$e01-jul-2007$fGBP13.00$g0$hC$5Uk
=ACF  \\$aPrevious Copyright Fee: GBP13.00$c0$e01-apr-2007$fGBP13.00$g0$hC$5Uk
=ACF  \\$aPrevious Copyright Fee: GBP13.00$c0$e01-jul-2012$fGBP13.00$g0$hC$5Uk
=ACF  \\$aPrevious Copyright Fee: GBP13.00$c0$e01-oct-2012$fGBP13.00$g0$hC$5Uk
=CAT  \\$aCONV$b00$c20040502$lBLL01$h0951
=CAT  \\$aBATCH-CLA$b00$c20100602$lBLL01$h1413
=CAT  \\$aBATCH-UPD$b00$c20100630$lBLL01$h1856
=CAT  \\$aBATCH-UPD$b00$c20100630$lBLL01$h1939
=CAT  \\$aIPL-CLA$c20100630$lBLL01$h2005
=CAT  \\$aBATCH-CLA$b00$c20100831$lBLL01$h1518
=CAT  \\$aIPL-CLA$c20100930$lBLL01$h1438
=CAT  \\$aBATCH-CLA$b00$c20101115$lBLL01$h1556
=CAT  \\$aIPL-CLA$c20101231$lBLL01$h1115
=CAT  \\$aBATCH-CLA$b00$c20110228$lBLL01$h1543
=CAT  \\$aIPL-CLA$c20110331$lBLL01$h1419
=CAT  \\$aBATCH-CLA$b00$c20110531$lBLL01$h1631
=CAT  \\$aIPL-CLA$c20110630$lBLL01$h1500
=CAT  \\$aBATCH-CLA$b00$c20110831$lBLL01$h1751
=CAT  \\$aIPL-CLA$c20110930$lBLL01$h1457
=CAT  \\$aBATCH-CLA$b00$c20111130$lBLL01$h1200
=CAT  \\$aIPL-CLA$c20111230$lBLL01$h1621
=CAT  \\$aBATCH-CLA$b00$c20120229$lBLL01$h1618
=CAT  \\$aIPL-CLA$c20120330$lBLL01$h1344
=CAT  \\$aBATCH-CLA$b00$c20120531$lBLL01$h1705
=CAT  \\$aIPL-CLA$c20120629$lBLL01$h0939
=CAT  \\$aBATCH-CLA$b00$c20120831$lBLL01$h1542
=CAT  \\$aIPL-CLA$c20120930$lBLL01$h1944
=CAT  \\$aBATCH-CLA$b00$c20121102$lBLL01$h1757
=CAT  \\$aBATCH-CLA$b00$c20221130$lBLL01$h1446
=CAT  \\$aIPL-CLA$c20221231$lBLL01$h1605
=CAT  \\$aBATCH-CLA$b00$c20230209$lBLL01$h1533
=CAT  \\$aIPL-CLA$c20230210$lBLL01$h0038
=CFI  0\$aCurrent Copyright Fee: GBP13.00$c0$e09-feb-2023$fGBP13.00$g0$hC$5Uk
=CFI  2\$aBritish Library not licensed to copy$c0$e01-jan-2023$hC$iCFP Excluded$5Uk
=FIN  \\$aY
=FMT  \\$a  SE
=LAS  \\$aIPL-CLA$b00$c20230210$lBLL01$h0038
=LEO  \\$aMP1.0003032267
=LEO  \\$aMP25.0000114358
=LEO  \\$aMP22.0000023425
=SID  \\$aZ39$bOCLC
=SRC  \\$aBLS01$bbibmp1.200404.2.ad
=SRC  \\$aSRI01$bbibmp25.200404.2.aa
=SRC  \\$aISN01$bbibmp22.200404.2.aa
=TCO  \\$aCLA$bCLA$c008

