=LDR  01661cam a2200457 i 4500
=001  020302991
=003  Uk
=005  20230306153035.0
=008  210820s2021\\\\xxka\\\\\b\\\|001\0|eng\\
=015  \\$aGBC1F1857$2bnb
=016  7\$a020302991$2Uk
=020  \\$a9781933477947$qhardback
=020  \\$a1933477946$qhardback
=040  \\$aStDuBDS$beng$cStDuBDS$dUk$erda
=042  \\$aukblcatcopy
=082  04$a616.994316$222
=100  1\$aBishop, Justin A.,$eauthor.
=245  10$aTumors of the salivary glands /$cJustin A. Bishop [and three others].
=264  \1$aArlington, Virginia :$bAmerican Registry of Pathology,$c2021.
=300  \\$axv, 719 pages :$billustrations (black and white, and colour) ;$c28 cm.
=336  \\$atext$2rdacontent
=337  \\$aunmediated$2rdamedia
=338  \\$avolume$2rdacarrier
=490  0\$aAFIP Atlases of Tumor and Non-Tumor Pathology, Fifth series ;$v5
=500  \\$aFormerly CIP.$5Uk
=504  \\$aIncludes bibliographical references and index.
=650  \0$aSalivary glands$xTumors$vAtlases.
=710  2\$aAmerican Registry of Pathology,$epublisher.
=852  41$aBritish Library$bSTI
=852  11$aBritish Library$bSTI$k(B)$h616.994316
=852  11$aBritish Library$bSTI$k(B)$h616.994316
=CAT  \\$a11373$b40$c20210820$lBLL01$h0935
=CAT  \\$aBATCH-016$c20210825$lBLL01$h2155
=CAT  \\$a11249$b40$c20210901$lBLL01$h1635
=CAT  \\$a11249$b40$c20210901$lBLL01$h1637
=CAT  \\$a11249$b40$c20210901$lBLL01$h1638
=CAT  \\$a11325$b40$c20210910$lBLL01$h1017
=CAT  \\$a8411$b40$c20230306$lBLL01$h1530
=FIN  \\$aY$d20210901
=FMT  \\$a  BK
=LAS  \\$a8411$b40$c20230306$lBLL01$h1530

