=LDR  01667cam a2200445 i 4500
=001  020308694
=003  Uk
=005  20230306153246.0
=008  210825s2021\\\\xxua\\\\\b\\\\001\0\eng\\
=015  \\$aGBC1F1856$2bnb
=016  7\$a020308694$2Uk
=020  \\$a9781933477930$qhardback
=020  \\$a1933477938$qhardback
=040  \\$aUk$beng$cUk$dUk$erda
=082  04$a612.32$223
=100  1\$aYantiss, Rhonda K.,$eauthor.
=245  10$aNon-neoplastic disorders of the gastrointestinal tract /$cby Rhonda K. Yantiss, Nicole C. Panarelli, Laura W. Lamps.
=264  \1$aArlington, Virginia :$bAmerican Registry of Pathology,$c2021.
=300  \\$axv, 476 pages :$billustrations (colour) ;$c29 cm.
=336  \\$atext$2rdacontent
=337  \\$aunmediated$2rdamedia
=338  \\$avolume$2rdacarrier
=490  0\$aAFIP Atlases of Tumor and Non-Tumor Pathology, Fifth series ;$v4
=504  \\$aIncludes bibliographical references and index.
=650  \0$aGastrointestinal system$xDiseases$vAtlases.
=700  1\$aPanarelli, Nicole C.,$eauthor.
=700  1\$aLamps, Laura W.$q(Laura Webb),$eauthor.
=710  2\$aAmerican Registry of Pathology,$epublisher.
=852  41$aBritish Library$bSTI
=852  11$aBritish Library$bSTI$k(B)$h612.32
=852  11$aBritish Library$bSTI$k(B)$h612.32
=CAT  \\$a8337$b40$c20210825$lBLL01$h0929
=CAT  \\$aBATCH-016$c20210825$lBLL01$h2155
=CAT  \\$a11249$b40$c20210901$lBLL01$h1618
=CAT  \\$a11249$b40$c20210901$lBLL01$h1619
=CAT  \\$a11325$b40$c20210910$lBLL01$h1017
=CAT  \\$a8411$b40$c20230306$lBLL01$h1532
=FIN  \\$aY$d20210901
=FMT  \\$a  BK
=LAS  \\$a8411$b40$c20230306$lBLL01$h1532

