=LDR  01783cam a2200493 i 4500
=001  020351362
=003  Uk
=005  20230306152414.0
=008  210928s2021\\\\mdua\\\\\b\\\\001|0|eng|d
=015  \\$aGBC1G7729$2bnb
=016  7\$a020351362$2Uk
=020  \\$a9781933477121$qhardback
=040  \\$aStDuBDS$beng$cStDuBDS$dUk$erda
=042  \\$aukblcatcopy
=082  04$a616.99477$223
=100  1\$aBrenn, Thomas,$eauthor.
=245  10$aNonmelanocytic tumors of the skin /$cThomas Brenn, John Goodlad, Thomas Mentzel.
=264  \1$aSilver Spring :$bAmerican Registry of Pathology,$c[2021]
=300  \\$axvi, 529 pages :$billustrations ;$c28 cm.
=336  \\$atext$2rdacontent
=336  \\$astill image$2rdacontent
=337  \\$aunmediated$2rdamedia
=338  \\$avolume$2rdacarrier
=490  0\$aAFIP atlases of tumor and non-tumor pathology,$aFifth series ;$vFascicle 7
=500  \\$aFormerly CIP.$5Uk
=504  \\$aIncludes bibliographical references and index.
=650  \0$aSkin$xTumors$xDiagnosis.
=650  \0$aSkin$xTumors$vAtlases.
=700  1\$aGoodlad, John$c(Pathologist),$eauthor.
=700  1\$aMentzel, Thomas$c(Physician),$eauthor.
=852  41$aBritish Library$bSTI
=852  11$aBritish Library$bSTI$k(B)$h616.99477
=852  11$aBritish Library$bSTI$k(B)$h616.99477
=CAT  \\$aBATCH-CIPN$b00$c20211005$lBLL01$h1701
=CAT  \\$a11168$b40$c20220218$lBLL01$h1112
=CAT  \\$a9657$b40$c20220221$lBLL01$h0855
=CAT  \\$a8962$b40$c20220304$lBLL01$h0738
=CAT  \\$aBATCH-UPD$b40$c20220304$lBLL01$h0739
=CAT  \\$aBATCH-UPD$b40$c20220304$lBLL01$h0743
=CAT  \\$a8411$b40$c20230306$lBLL01$h1522
=CAT  \\$a8411$b40$c20230306$lBLL01$h1524
=FIN  \\$aY$d20220221
=FMT  \\$a  BK
=LAS  \\$a8411$b40$c20230306$lBLL01$h1524

