=LDR  01811cam a2200469 i 4500
=001  020511334
=003  Uk
=005  20230306150405.0
=008  220224s2022\\\\vaua\\\\\b\\\\001|0|eng|d
=015  \\$aGBC241081$2bnb
=016  7\$a020511334$2Uk
=020  \\$a9781933477183$qhardback
=020  \\$a1933477180$qhardback
=040  \\$aStDuBDS$beng$cStDuBDS$dUk$erda
=042  \\$aukblcatcopy
=082  04$a616.362$223
=100  1\$aTorbenson, Michael S.,$eauthor.$1https://isni.org/isni/0000000430350888.
=245  10$aNon-neoplastic diseases of the liver /$cby Michael Torbenson, Sanjay Kakar, Kay Washington.
=264  \1$aArlington, Virginia :$bAmerican Registry of Pathology,$c2022.
=300  \\$axviii, 496 pages :$billustrations (colour) ;$c28 cm.
=336  \\$atext$2rdacontent
=337  \\$aunmediated$2rdamedia
=338  \\$avolume$2rdacarrier
=490  0\$aAFIP atlases of tumor and non-tumor pathology,$aFifth series ;$vFascicle 10
=500  \\$aFormerly CIP.$5Uk
=504  \\$aIncludes bibliographical references and index.
=650  \0$aLiver$xDiseases.
=700  1\$aKakar, Sanjay,$eauthor.$1https://isni.org/isni/0000000113790054.
=700  1\$aWashington, Mary Kay,$eauthor.$1https://isni.org/isni/0000000035112126.
=852  41$aBritish Library$bSTI
=852  11$aBritish Library$bSTI$k(B)$h616.362
=852  11$aBritish Library$bSTI$k(B)$h616.362
=CAT  \\$aBATCH-CIPN$b00$c20220308$lBLL01$h1701
=CAT  \\$aBATCH-UPD$b00$c20220308$lBLL01$h1712
=CAT  \\$a11373$b40$c20220408$lBLL01$h1043
=CAT  \\$a11373$b40$c20220408$lBLL01$h1044
=CAT  \\$a6632$b40$c20220409$lBLL01$h1025
=CAT  \\$a8411$b40$c20230306$lBLL01$h1503
=CAT  \\$a8411$b40$c20230306$lBLL01$h1504
=FIN  \\$aY$d20220409
=FMT  \\$a  BK
=LAS  \\$a8411$b40$c20230306$lBLL01$h1504

