=LDR  04438cas a2200961 a 4500
=001  016254097
=003  Uk
=005  20230210011108.0
=007  ta
=008  750726d19221936ilumr\p\\\\\\\0\\\a0eng\c
=010  \\$a90640239$zsn 90002930
=016  7\$a101237573$2DNLM
=022  0\$a1048-6364$l1048-6364$21
=035  \\$a(OCoLC)ocm01479759
=040  \\$aMnMULS$cMnMULS$dNSDP$dN$dOCoLC$dNSDP$dDLC$dNST$dN$dInU$dDNLM$dOCoLC$dUk
=050  00$aRK1$b.A53
=060  00$aW1$bJO908W
=082  04$a617.6$223
=130  0\$aJournal of American Dental Association (1922)
=210  0\$aJ. Am. Dent. Assoc.$b(1922)
=222  \4$aThe Journal of American Dental Association$b(1922)
=245  14$aThe Journal of the American Dental Association.
=260  \\$a[Chicago] :$bAmerican Dental Association,$c1922-c1936.
=300  \\$a15 v. :$bill. ;$c24 cm.
=310  \\$aMonthly
=336  \\$atext$2rdacontent
=337  \\$aunmediated$2rdamedia
=338  \\$avolume$2rdacarrier
=362  0\$aVol. 9, no. 8 (Aug. 1922)-v. 23, no. 12 (Dec. 1936).
=510  2\$aChemical abstracts$x0009-2258
=540  \\$aCurrent Copyright Fee: GBP34.00$c0$5Uk
=580  \\$aMerged with: Dental cosmos, to form: American Dental Association. Journal of the American Dental Association and the dental cosmos.
=650  \0$aTeeth$xCare and hygiene$vPeriodicals.
=650  \0$aDentistry$vPeriodicals.
=710  2\$aAmerican Dental Association.
=780  00$tJournal of the National Dental Association$x0097-1901
=785  17$tDental cosmos$x0096-0187
=785  17$tJournal of the American Dental Association and the dental cosmos$x0375-8451
=852  71$aBritish Library$bSTI$k(P)$hGX 50$m-E(14)$2blsrissc$3Vol. 11 (1924)-v. 23, no. 12 (Dec. 1936)
=852  49$aBritish Library$bDSC$3See shelfmark 4686.075000
=ACF  \\$aPrevious Copyright Fee: GBP9.38$c0$e01-apr-2013$fGBP9.38$g0$hC$5Uk
=ACF  \\$aPrevious Copyright Fee: GBP9.68$c0$e01-jul-2013$fGBP9.68$g0$hC$5Uk
=ACF  \\$aPrevious Copyright Fee: GBP9.00$c0$e01-oct-2013$fGBP9.00$g0$hC$5Uk
=ACF  \\$aPrevious Copyright Fee: GBP9.38$c0$e01-jan-2014$fGBP9.38$g0$hC$5Uk
=ACF  \\$aPrevious Copyright Fee: GBP9.09$c0$e01-jul-2014$fGBP9.09$g0$hC$5Uk
=ACF  \\$aBritish Library not licensed to copy$c0$e01-apr-2015$hC$iCFP Excluded$5Uk
=ACF  \\$aPrevious Copyright Fee: GBP22.50$c0$e01-jan-2017$fGBP22.50$g0$hC$5Uk
=ACF  \\$aPrevious Copyright Fee: GBP23.40$c0$e01-jan-2018$fGBP23.40$g0$hC$5Uk
=ACF  \\$aPrevious Copyright Fee: GBP34.00$c0$e01-apr-2021$fGBP34.00$g0$hC$5Uk
=CAT  \\$a8201$b40$c20130117$lBLL01$h1612
=CAT  \\$a8201$b40$c20130117$lBLL01$h1615
=CAT  \\$a8201$b40$c20130117$lBLL01$h1616
=CAT  \\$aBATCH-CLA$b00$c20130228$lBLL01$h1705
=CAT  \\$aIPL-CLA$c20130331$lBLL01$h1100
=CAT  \\$a540_fix$c20130403$lBLL01$h2019
=CAT  \\$aBATCH-CLA$b00$c20130531$lBLL01$h1637
=CAT  \\$aIPL-CLA$c20130701$lBLL01$h0155
=CAT  \\$aBATCH-CLA$b00$c20130830$lBLL01$h1621
=CAT  \\$aIPL-CLA$c20130930$lBLL01$h1816
=CAT  \\$aBATCH-CLA$b00$c20131129$lBLL01$h1643
=CAT  \\$aIPL-CLA$c20140101$lBLL01$h0207
=CAT  \\$aBATCH-CLA$b00$c20140530$lBLL01$h1704
=CAT  \\$aIPL-CLA$c20140630$lBLL01$h1758
=CAT  \\$aBATCH-CLA$b00$c20150227$lBLL01$h1630
=CAT  \\$aIPL-CLA$c20150331$lBLL01$h1722
=CAT  \\$aBATCH-CLA$b00$c20161130$lBLL01$h1637
=CAT  \\$aIPL-CLA$c20161231$lBLL01$h0008
=CAT  \\$aBATCH-CLA$b00$c20171130$lBLL01$h1711
=CAT  \\$aIPL-CLA$c20171231$lBLL01$h1817
=CAT  \\$aBATCH-CLA$b00$c20210227$lBLL01$h1010
=CAT  \\$aIPL-CLA$c20210331$lBLL01$h1900
=CAT  \\$aBATCH-CLA$b00$c20221130$lBLL01$h1436
=CAT  \\$aIPL-CLA$c20221231$lBLL01$h2320
=CAT  \\$aBATCH-CLA$b00$c20230209$lBLL01$h1523
=CAT  \\$aIPL-CLA$c20230210$lBLL01$h0111
=CFI  0\$aCurrent Copyright Fee: GBP34.00$c0$e09-feb-2023$fGBP34.00$g0$hC$5Uk
=CFI  2\$aBritish Library not licensed to copy$c0$e01-jan-2023$hC$iCFP Excluded$5Uk
=FIN  \\$aY$d20130117
=FMT  \\$a  SE
=LAS  \\$aIPL-CLA$b00$c20230210$lBLL01$h0111
=LKR  \\$aPAR$b010486475$lBLL01$nJournal of the National Dental Association$r78000$mThe Journal of American Dental Association (1922)
=LKR  \\$aPAR$b005475488$lBLL01$r78517$mThe Journal of American Dental Association (1922)$nThe Journal of the American Dental Association and the dental cosmos
=SID  \\$aZ39$bLOC

