=LDR  02494aam a2200577 a 4500
=001  016261237
=003  Uk
=005  20141002212134.0
=008  121228s2013\\\\maua\\\\\b\\\\001\0\eng\\
=010  \\$a2012051640  
=015  \\$aGBB308038$2bnb
=016  7\$a016261237$2Uk
=020  \\$a9780878939640 (hardback) :$c£53.99
=035  \\$a(DNLM)101598571
=040  \\$aStDuBDS$beng$cStDuBDS$dUk
=042  \\$aukblsr
=050  00$aQH581.2$b.C66 2013
=060  10$aQU 300
=082  00$a571.6$223
=100  1\$aCooper, Geoffrey M.
=245  14$aThe cell :$ba molecular approach /$cGeoffrey M. Cooper, Robert E. Hausman.
=250  \\$a6th ed.
=260  \\$aSunderland, MA :$bSinauer Associates,$cc2013.
=300  \\$axxv, 832 p. :$bcol. ill. ;$c29 cm.
=336  \\$atext$2rdacontent
=337  \\$aunmediated$2rdamedia
=338  \\$avolume$2rdacarrier
=500  \\$aFormerly CIP.$5Uk
=504  \\$aIncludes bibliographical references and index.
=505  0\$aAn overview of cells and cell research -- The composition of cells -- Cell metabolism -- Fundamentals of molecular biology -- The organization and sequences of cellular genomes -- Replication, maintenance, and rearrangements of genomic DNA -- RNA synthesis and processing -- Protein synthesis, processing, and regulation -- The nucleus -- Protein sorting and transport : the endoplasmic reticulum, golgi apparatus, and lysosomes -- Bioenergetics and metabolism : mitochondria, chloroplasts, and peroxisomes -- The cytoskeleton and cell movement -- The plasma membrane -- Cell walls, the extracellular matrix, and cell interactions -- Cell signaling -- The cell cycle -- Cell death and cell renewal -- Cancer.
=650  \0$aCytology.
=650  \0$aMolecular biology.
=650  \0$aCells.
=650  12$aCells.
=650  22$aCell Biology.
=650  22$aMolecular Biology.
=700  1\$aHausman, Robert E.,$d1947-2015.
=852  11$aBritish Library$bSTI$k(B)$h571.6
=852  \\$aBritish Library$bHMNTS
=BUF  \\$aN$d20130314
=CAT  \\$aBATCH-CIPN$b00$c20130129$lBLL01$h1700
=CAT  \\$a8479$b40$c20130314$lBLL01$h1014
=CAT  \\$a8479$b40$c20130314$lBLL01$h1016
=CAT  \\$aBATCH-CIPC$b00$c20130411$lBLL01$h1149
=CAT  \\$aBATCH-BUOC$b00$c20141002$lBLL01$h2121
=CAT  \\$aWR14_128$c20160226$lBLL01$h1626
=CAT  \\$aWR16_021$c20160708$lBLL01$h1806
=CAT  \\$a5194$b40$c20170518$lBLL01$h1425
=FIN  \\$aY$d20130314
=FMT  \\$a  BK
=LAS  \\$a5194$b40$c20170518$lBLL01$h1425

