=LDR  01543pam a2200445 i 4500
=001  016300054
=003  Uk
=005  20131101135441.0
=008  130215s2013\\\\onca\\\\\b\\\\001\0\eng|d
=015  \\$aGBB325089$2bnb
=016  7\$a016300054$2Uk
=020  \\$a9781554589326 (hbk.) :$c£49.50
=020  \\$z9781554589333 (pdf)
=020  \\$z1554589339 (pdf)
=020  \\$z9781554589340 (epub)
=020  \\$z1554589347 (epub)
=040  \\$aStDuBDS$beng$cStDuBDS$dUk$erda
=042  \\$aukblcatcopy
=082  04$a526.0922$223
=100  1\$aVan den Hoonaard, Will. C.$q(Willy Carl),$d1942-$eauthor.
=245  10$aMap worlds :$ba history of women in cartography /$cWill C. van den Hoonaard.
=264  \1$aWaterloo, Ontario :$bWilfrid Laurier University Press,$c2013.
=300  \\$axv, 377 pages :$billustrations ;$c24 cm
=336  \\$atext$2rdacontent
=337  \\$aunmediated$2rdamedia
=338  \\$avolume$2rdacarrier
=500  \\$aFormerly CIP.$5Uk
=504  \\$aIncludes bibliographical references and index.
=650  \0$aWomen cartographers$xHistory.
=650  \0$aCartographers$xHistory.
=650  \0$aCartography$xHistory.
=852  41$aBritish Library$bHMNTS
=852  41$aBritish Library$bHMNTS$cSPHOA$kMAPS$hMaps Ref.D.2.(114.)
=CAT  \\$aBATCH-CIPN$b00$c20130312$lBLL01$h1701
=CAT  \\$aBATCH-CIPC$b00$c20130411$lBLL01$h1150
=CAT  \\$a11002$b40$c20131101$lBLL01$h1354
=CAT  \\$aWR16_021$c20160708$lBLL01$h1811
=FIN  \\$aY$d20131101
=FMT  \\$a  BK
=LAS  \\$aWR16_021$b00$c20160708$lBLL01$h1811

