=LDR  02894cas a2200673 a 4500
=001  016413544
=003  Uk
=005  20230210011120.0
=007  ta
=008  901113d19911992nyubr\p\\\\\\\0\\\a0eng\d
=010  \\$a91641446$zsn 90005446
=022  0\$a1053-8550$l1053-8550$21
=030  \\$aJOIME7
=035  \\$a(OCoLC)22684095
=040  \\$aNSD$beng$cNSD$dNLM$dCAS$dWAU$dELM$dHUL$dNSD$dDLC$dNST$dNSD$dIUL$dNST$dNSD$dCOO$dNST$dDLC$dCAS$dDLC$dNLM$dDLC$dIUL$dOCLCQ$dPFM$dCUS$dOCLCQ$dIUL$dUk
=050  10$aRM270$b.J68
=060  00$aW1$bJO679G
=082  04$a615.37$223
=210  0\$aJ. immunother.
=222  \0$aJournal of immunotherapy
=245  00$aJournal of immunotherapy :$bofficial journal of the Society for Biological Therapy.
=260  \\$aNew York, NY, U.S.A. :$bRaven Press,$cc1991-c1992.
=300  \\$a3 v. :$bill. ;$c28 cm.
=310  \\$aBimonthly
=336  \\$atext$2rdacontent
=337  \\$aunmediated$2rdamedia
=338  \\$avolume$2rdacarrier
=362  0\$aVol. 10, no. 1 (Feb. 1991)-v. 12, no. 4 (Nov. 1992).
=500  \\$aTitle from cover.
=510  2\$aChemical abstracts$x0009-2258$b1991-1992
=540  \\$aCurrent Copyright Fee: GBP30.00$c0$5Uk
=650  \0$aBiological response modifiers$vPeriodicals.
=650  \0$aImmunotherapy$vPeriodicals.
=650  02$aImmunotherapy$vPeriodicals.
=650  02$aNeoplasms$xtherapy$vPeriodicals.
=710  2\$aSociety for Biological Therapy.
=776  08$iOnline version:$tJournal of immunotherapy (Online)
=780  00$tJournal of biological response modifiers$x0732-6580
=785  00$tJournal of immunotherapy with emphasis on tumor immunology$x1067-5582
=852  71$aBritish Library$bSTI$k(P)$hKJ 55$m-E(5)$2blsrissc$3Vol. 10, no. 1 (Feb. 1991)-v. 12, no. 4 (Nov. 1992) ; Deficient: vol.11, no.5-6, 1992
=852  49$aBritish Library$bDSC$3See shelfmark 5005.040000
=ACF  \\$aPrevious Copyright Fee: GBP29.00$c0$e01-jul-2013$fGBP29.00$g0$hC$5Uk
=ACF  \\$aPrevious Copyright Fee: GBP30.00$c0$e01-jan-2015$fGBP30.00$g0$hC$5Uk
=CAT  \\$a8201$b40$c20130516$lBLL01$h0955
=CAT  \\$aBATCH-CLA$b00$c20130531$lBLL01$h1641
=CAT  \\$aIPL-CLA$c20130701$lBLL01$h0157
=CAT  \\$aBATCH-CLA$b00$c20141128$lBLL01$h0928
=CAT  \\$aIPL-CLA$c20141231$lBLL01$h1704
=CAT  \\$aBATCH-CLA$b00$c20221130$lBLL01$h1429
=CAT  \\$aIPL-CLA$c20221231$lBLL01$h2322
=CAT  \\$aBATCH-CLA$b00$c20230209$lBLL01$h1517
=CAT  \\$aIPL-CLA$c20230210$lBLL01$h0111
=CFI  0\$aCurrent Copyright Fee: GBP30.00$c0$e09-feb-2023$fGBP30.00$g0$hC$5Uk
=CFI  2\$aBritish Library not licensed to copy$c0$e01-jan-2023$hC$iCFP Excluded$5Uk
=FIN  \\$aY$d20130516
=FMT  \\$a  SE
=LAS  \\$aIPL-CLA$b00$c20230210$lBLL01$h0111
=LKR  \\$aPAR$b005478185$lBLL01$r78500$mJournal of immunotherapy$nJournal of immunotherapy with emphasis on tumor immunology
=SID  \\$aZ39$bOCLC

