=LDR  01654pam a2200481 a 4500
=001  015109427
=003  Uk
=005  20090721144219.0
=008  090403s2009\\\\flua\\\\\b\\\\001\0\eng|d
=015  \\$aGBA936675$2bnb
=016  7\$a015109427$2Uk
=020  \\$a9781420090840 (hbk.) :$c£89.00
=020  \\$a1420090844 (hbk.) :$c£89.00
=040  \\$aStDuBDS$beng$cStDuBDS$dUk
=042  \\$aukblcatcopy
=082  04$a530$222
=245  00$aCRC handbook of chemistry and physics :$ba ready-reference book of chemical and physical data.
=246  3\$aHandbook of chemistry and physics
=250  \\$a90th ed. /$beditor-in-chief, David R. Lide.
=260  \\$aBoca Raton, Fla. ;$aLondon :$bCRC,$c2009.
=300  \\$a1 v. (various Pagings) :$bill. ;$c29 cm.
=336  \\$atext$2rdacontent
=337  \\$aunmediated$2rdamedia
=338  \\$avolume$2rdacarrier
=500  \\$aPrevious ed.: 2008.
=500  \\$aFormerly CIP.$5Uk
=504  \\$aIncludes bibliographical references and index.
=650  \0$aChemistry$vTables.
=650  \0$aPhysics$vTables.
=700  1\$aLide, David R.,$d1928-
=852  11$aBritish Library$bSTI$k(B)$h530
=852  11$aBritish Library$bSTI
=CAT  \\$aBATCH-CIPN$b00$c20090407$lBLL01$h1702
=CAT  \\$aBATCH$b00$c20090407$lBLL01$h1704
=CAT  \\$aBATCH$b00$c20090407$lBLL01$h1712
=CAT  \\$aBATCH$b00$c20090618$lBLL01$h1457
=CAT  \\$aBATCH$b00$c20090618$lBLL01$h1502
=CAT  \\$a12271$b40$c20090720$lBLL01$h0931
=CAT  \\$a5375$b40$c20090721$lBLL01$h1442
=CAT  \\$aWR16_021$c20160624$lBLL01$h1814
=FIN  \\$aY$d20090721
=FMT  \\$a  BK
=LAS  \\$aWR16_021$b00$c20160624$lBLL01$h1814

