=LDR  04380cas a2200997 a 4500
=001  015284561
=003  Uk
=005  20230210010819.0
=007  ta
=008  090608d19681982enkar\\\\\\\\\0\\\a0eng\\
=022  0\$a0576-7172$202
=040  \\$aUk$cUk$dUk
=042  \\$aissnuk
=082  04$a547.78$222
=084  \\$aKC 80$2blsrissc
=210  0\$aCarbohydr. chem
=222  \0$aCarbohydrate chemistry
=245  00$aCarbohydrate chemistry.
=246  3\$aSpecialist periodical report. Carbohydrate chemistry
=260  \\$aLondon :$bChemical Society,$c1968-1982.
=300  \\$av. ;$c22 cm.
=310  \\$aAnnual
=336  \\$atext$2rdacontent
=337  \\$aunmediated$2rdamedia
=338  \\$avolume$2rdacarrier
=362  0\$aVol. 1-v. 13.
=490  0\$aA specialist periodical report
=500  \\$aVol. 1 reviews recent literature published during 1967; v. 13 reviews literature published during 1979.
=540  \\$aCurrent Copyright Fee: GBP40.00$c0$5Uk
=580  \\$aSplit into: Part I, and Part II.
=650  \0$aCarbohydrates$vPeriodicals.
=710  2\$aChemical Society (Great Britain)
=785  16$tCarbohydrate chemistry. Part I, Mono-, di-, and tri-saccharides and their derivates$x0951-8401
=785  16$tCarbohydrate chemistry. Part II, Macromolecules$x0951-841X
=852  49$aBritish Library$bDSC$3See shelfmark 3050.980000 for vols. 1-13
=852  71$aBritish Library$bSTI$k(P)$hKC 80$m-E(4)$2blsrissc$3Vol. 1 (1968)-v. 13 (1982)
=ACF  \\$aPrevious Copyright Fee: GBP1.15$c0$e01-apr-2012$fGBP1.15$g0$hC$5Uk
=ACF  \\$aPrevious Copyright Fee: GBP1.15$c0$e01-jan-2012$fGBP1.15$g0$hC$5Uk
=ACF  \\$aPrevious Copyright Fee: GBP1.10$c0$e01-oct-2011$fGBP1.10$g0$hC$5Uk
=ACF  \\$aPrevious Copyright Fee: GBP1.10$c0$e01-jul-2011$fGBP1.10$g0$hC$5Uk
=ACF  \\$aPrevious Copyright Fee: GBP1.10$c0$e01-apr-2011$fGBP1.10$g0$hC$5Uk
=ACF  \\$aPrevious Copyright Fee: GBP1.10$c0$e01-jan-2011$fGBP1.10$g0$hC$5Uk
=ACF  \\$aPrevious Copyright Fee: GBP1.10$c0$e01-oct-2010$fGBP1.10$g0$hC$5Uk
=ACF  \\$aPrevious Copyright Fee: GBP1.10$c0$e01-jul-2010$fGBP1.10$g0$hC$5Uk
=ACF  \\$aPrevious Copyright Fee: GBP1.10$c0$e01-apr-2010$fGBP1.10$g0$hC$5Uk
=ACF  \\$aPrevious Copyright Fee: GBP1.10$c0$e01-Jan-2010$fGBP1.10$g0$hC$5Uk
=ACF  \\$aPrevious Copyright Fee: GBP8.80$c0$e01-oct-2009$fGBP8.80$g0$hC$5Uk
=ACF  \\$aPrevious Copyright Fee: GBP1.15$c0$e01-jul-2012$fGBP1.15$g0$hC$5Uk
=ACF  \\$aPrevious Copyright Fee: GBP1.15$c0$e01-oct-2012$fGBP1.15$g0$hC$5Uk
=ACF  \\$aPrevious Copyright Fee: GBP40.00$c0$e01-apr-2017$fGBP40.00$g0$hC$5Uk
=CAT  \\$a11316$b40$c20090608$lBLL01$h1213
=CAT  \\$aBATCH-UPD$b00$c20100630$lBLL01$h2003
=CAT  \\$aIPL-CLA$c20100630$lBLL01$h2031
=CAT  \\$aBATCH-CLA$b00$c20100831$lBLL01$h1544
=CAT  \\$aIPL-CLA$c20100930$lBLL01$h1531
=CAT  \\$aBATCH-CLA$b00$c20101115$lBLL01$h1612
=CAT  \\$aIPL-CLA$c20101231$lBLL01$h1527
=CAT  \\$aBATCH-CLA$b00$c20110228$lBLL01$h1553
=CAT  \\$aIPL-CLA$c20110331$lBLL01$h1508
=CAT  \\$aBATCH-CLA$b00$c20110531$lBLL01$h1649
=CAT  \\$aIPL-CLA$c20110630$lBLL01$h1549
=CAT  \\$aBATCH-CLA$b00$c20110831$lBLL01$h1810
=CAT  \\$aIPL-CLA$c20110930$lBLL01$h1554
=CAT  \\$aBATCH-CLA$b00$c20111130$lBLL01$h1222
=CAT  \\$aIPL-CLA$c20111230$lBLL01$h2033
=CAT  \\$aBATCH-CLA$b00$c20120229$lBLL01$h1633
=CAT  \\$aIPL-CLA$c20120330$lBLL01$h1441
=CAT  \\$aBATCH-CLA$b00$c20120531$lBLL01$h1712
=CAT  \\$aIPL-CLA$c20120629$lBLL01$h1040
=CAT  \\$aBATCH-CLA$b00$c20120831$lBLL01$h1529
=CAT  \\$aIPL-CLA$c20120930$lBLL01$h2133
=CAT  \\$aBATCH-CLA$b00$c20121109$lBLL01$h1721
=CAT  \\$aBATCH-CLA$b00$c20170228$lBLL01$h1628
=CAT  \\$aIPL-CLA$c20170331$lBLL01$h1903
=CAT  \\$aBATCH-CLA$b00$c20221130$lBLL01$h1435
=CAT  \\$aIPL-CLA$c20221231$lBLL01$h2241
=CAT  \\$aBATCH-CLA$b00$c20230209$lBLL01$h1522
=CAT  \\$aIPL-CLA$c20230210$lBLL01$h0108
=CFI  0\$aCurrent Copyright Fee: GBP40.00$c0$e09-feb-2023$fGBP40.00$g0$hC$5Uk
=CFI  2\$aBritish Library not licensed to copy$c0$e01-jan-2023$hC$iCFP Excluded$5Uk
=FIN  \\$aY
=FMT  \\$a  SE
=LAS  \\$aIPL-CLA$b00$c20230210$lBLL01$h0108
=LEO  \\$aMP22.0000023830
=SRC  \\$aISN01$bbibmp22.200404.2.aa
=TCO  \\$aCLA$bCLA$c008

