=LDR  02046cam a2200565 a 4500
=001  015287322
=003  Uk
=005  20220331230424.0
=008  090608s2010\\\\enka\\\\\b\\\|0|1\0|eng|d
=015  \\$aGBA957603$2bnb
=016  7\$a015287322$2Uk
=020  \\$a9781848821279 (hbk.) :$c£229.00
=020  \\$a1848821271 (hbk.) :$c£229.00
=020  \\$a9781848821286 (ebook) :$cNo price
=020  \\$a184882128X (ebook) :$cNo price
=020  \\$a9781848823440 (print and e-bundle)
=040  \\$aStDuBDS$beng$cStDuBDS$dUk
=042  \\$aukblsr
=082  04$a616.853$222
=245  00$aAtlas of epilepsies /$cC.P. Panayiotopoulos, editor.
=260  \\$aLondon :$bSpringer,$cc2010.
=300  \\$a3 v. (lv, 1910 p.) :$bill. (some col.) ;$c29 cm.
=336  \\$atext$2rdacontent
=337  \\$aunmediated$2rdamedia
=338  \\$avolume$2rdacarrier
=500  \\$aFormerly CIP.$5Uk
=504  \\$aIncludes bibliographical references and index.
=540  \\$aBritish Library not licensed to copy$c0$5Uk
=650  \0$aEpilepsy$vAtlases.
=650  \0$aEpilepsy$xDiagnosis$vAtlases.
=650  \0$aEpilepsy$xTreatment$vAtlases.
=700  1\$aPanayiotopoulos, C. P.$q(Chrysostomos P.).
=852  11$aBritish Library$bSTI$k(B)$h616.853
=852  41$aBritish Library$bDSC
=CAT  \\$aBATCH-CIPN$b00$c20090609$lBLL01$h1701
=CAT  \\$aBATCH$b00$c20090609$lBLL01$h1702
=CAT  \\$aBATCH$b00$c20090609$lBLL01$h1710
=CAT  \\$aBATCH$b00$c20090618$lBLL01$h1458
=CAT  \\$aBATCH$b00$c20090618$lBLL01$h1502
=CAT  \\$aBATCH-CIPC$b00$c20100216$lBLL01$h1701
=CAT  \\$a12271$b40$c20101125$lBLL01$h1141
=CAT  \\$a11250$b40$c20101129$lBLL01$h1115
=CAT  \\$aWR16_021$c20160624$lBLL01$h1823
=CAT  \\$aBATCH-CLAB$c20220330$lBLL01$h1742
=CAT  \\$aBATCH-UPD$b00$c20220331$lBLL01$h1129
=CAT  \\$aIPL-CLA$c20220331$lBLL01$h2304
=CFI  0\$aBritish Library not licensed to copy$c0$e01-apr-2022$hC$iCFP Excluded$5Uk
=FIN  \\$aY$d20101129
=FMT  \\$a  BK
=LAS  \\$aIPL-CLA$b00$c20220331$lBLL01$h2304

