=LDR  01574 am a2200433 i 4500
=001  016548964
=003  Uk
=005  20140114135545.0
=008  131120s2013\\\\pk\\\\\\\d\\\|0|0\0|urd\\
=016  7\$a016548964$2Uk
=020  \\$a9780195979947
=040  \\$aUk$beng$cUk$erda
=041  0\$aurd$aeng
=042  \\$aukblsr
=082  04$a491.439321$223
=100  1\$aSalīmuddīn, Es. Em.,$ecompiler.
=245  10$aOksfarḍ Urdū Angrezī lug̲h̲at =$bOxford Urdu-English dictionary /$cMu'allifīn, Es. Em. Salīmuddīn, Suhail Anjum ; mudīr-i aʿlá, Ra'ūf Pārekh.
=246  31$aOxford Urdu-English dictionary
=264  \1$a[Karācī?] :$bOxford University Press,$c2013.
=300  \\$aapproximately 1199 pages ;$c25 cm
=336  \\$atext$2rdacontent
=337  \\$aunmediated$2rdamedia
=338  \\$avolume$2rdacarrier
=500  \\$aText in Urdu and English.
=650  \0$aUrdu language$vDictionaries$xEnglish.
=700  1\$aAnjum, Suhail,$ecompiler.
=700  1\$aPārekh, Raʾūf,$eeditor.
=852  11$aBritish Library$bSTI
=852  11$aBritish Library$bSTI$k(B)$hAA 154$m(URD)
=852  11$aBritish Library$bSTI$k(B)$h491.439321$mEnquiry Desk Science 3
=CAT  \\$a11029$b40$c20131120$lBLL01$h1401
=CAT  \\$a11029$b40$c20131122$lBLL01$h1049
=CAT  \\$a7000$b40$c20140114$lBLL01$h1355
=CAT  \\$aBATCH-UPD$b40$c20140117$lBLL01$h2114
=CAT  \\$aWR16_021$c20160709$lBLL01$h1822
=CAT  \\$aBATCH-UPD$b00$c20190728$lBLL01$h2044
=FIN  \\$aY$d20140114
=FMT  \\$a  BK
=LAS  \\$aBATCH-UPD$b00$c20190728$lBLL01$h2044

