=LDR  03871cas a2200961 a 4500
=001  016613533
=003  Uk
=005  20230209233746.0
=007  ta
=008  140129c20089999sp\qr\p\\\\\\\0\\\b0spa\\
=010  \\$a  2008244046
=022  0\$a1888-7546$l1888-7546
=035  \\$a(OCoLC)277162142
=040  \\$aNLM$beng$cNLM$dBNM$dOCLCQ$dOCLCO$dCDS$dCUS$dOCLCF$dOCLCO$dUk
=041  0\$aspa$beng
=042  \\$aukblsr
=050  \4$aRC1200$b.R48
=060  00$aW1$bRE2647
=082  04$a617.102705$223
=222  \0$aRevista andaluza de medicina del deporte
=245  00$aRevista andaluza de medicina del deporte.
=246  13$aRAMD
=260  \\$aSevilla :$bJunta de Andalucia, Consejería de Turismo, Comercio y Deporte, Centro Andaluz de Medicina del Deporte,$c2008-
=264  31$aBarcelona :$bElsevier
=300  \\$av. :$bill. ;$c28 cm.
=310  \\$aQuarterly
=321  \\$aThree times a year
=336  \\$atext$2rdacontent
=337  \\$aunmediated$2rdamedia
=338  \\$avolume$2rdacarrier
=362  1\$aBegan with vol. 1, no 1 (2008).
=500  \\$a"Publicación oficial del Centro Andaluz de Medicina del Deporte."
=530  \\$aIssued also online.
=540  \\$aCurrent Copyright Fee: GBP34.00$c0$5Uk
=546  \\$aIn Spanish, with summaries and tables of contents in English.
=588  \\$aDescription based on first issue; title from cover.
=588  \\$aLatest issue consulted: volumen 8, número 3 (Septiembre 2015).
=650  \0$aSports medicine$vPeriodicals.
=650  12$aExercise$vPeriodicals.
=650  22$aAthletic Injuries$vPeriodicals.
=650  22$aSports Medicine$vPeriodicals.
=650  \4$aMedicina deportiva.
=650  \7$aMedicina deportiva.$2embne
=650  \7$aSports medicine.$2fast
=655  \7$aPeriodicals.$2fast
=710  2\$aCentro Andaluz de Medicina del Deporte.
=780  00$tRevista científica en medicina del deporte$x1698-9775
=852  \\$aBritish Library$bSTI$k(P)$h617.102705$m-F(1)
=852  41$aBritish Library$bSTI
=945  \\$aRevista andaluza de medicina del deporte
=979  \\$aBritish Library$bDSC$j7840.867000N
=ACF  \\$aPrevious copyright fee: GBP22.50$c5\1$e29-jan-2014$fGBP22.50$g0$hP$5Uk
=ACF  \\$aPrevious copyright fee: GBP23.40$c5\1$e01-jan-2018$fGBP23.40$g0$hP$5Uk
=ACF  \\$aPrevious copyright fee: GBP17.50$c0$e01-jan-2019$fGBP17.50$g0$hA$5Uk
=ACF  \\$aPrevious Copyright Fee: GBP23.40$c0$e01-apr-2019$fGBP23.40$g0$hC$5Uk
=ACF  \\$aPrevious Copyright Fee: GBP34.00$c0$e01-jan-2022$fGBP34.00$g0$hC$5Uk
=CAT  \\$a5552$b40$c20140129$lBLL01$h1432
=CAT  \\$a8874$b40$c20140822$lBLL01$h1436
=CAT  \\$aBLDSS-3PM$b00$c20141222$lBLL01$h1721
=CAT  \\$a11205$b40$c20151201$lBLL01$h1537
=CAT  \\$a11205$b40$c20151201$lBLL01$h1543
=CAT  \\$a11205$b40$c20151201$lBLL01$h1549
=CAT  \\$aBATCH-UPD$b40$c20160413$lBLL01$h1827
=CAT  \\$aBATCH-UPD$b40$c20160525$lBLL01$h1453
=CAT  \\$aBATCH-UPD$b40$c20171121$lBLL01$h1755
=CAT  \\$aIPL-CLA$c20171231$lBLL01$h1822
=CAT  \\$a5552$b40$c20181016$lBLL01$h1142
=CAT  \\$aIPL-CLA$c20181231$lBLL01$h1553
=CAT  \\$aDEL-3PM$c20190115$lBLL01$h1428
=CAT  \\$aBATCH-CLA$b00$c20190228$lBLL01$h1623
=CAT  \\$aIPL-CLA$c20190331$lBLL01$h1731
=CAT  \\$aBATCH-CLA$b00$c20211203$lBLL01$h0815
=CAT  \\$aIPL-CLA$c20211231$lBLL01$h1546
=CAT  \\$aBATCH-CLA$b00$c20221130$lBLL01$h1440
=CAT  \\$aIPL-CLA$c20221231$lBLL01$h1452
=CAT  \\$aBATCH-CLA$b00$c20230209$lBLL01$h1527
=CAT  \\$aIPL-CLA$c20230209$lBLL01$h2337
=CFI  0\$aCurrent Copyright Fee: GBP34.00$c0$e09-feb-2023$fGBP34.00$g0$hC$5Uk
=CFI  2\$aBritish Library not licensed to copy$c0$e01-jan-2023$hC$iCFP Excluded$5Uk
=FIN  \\$aY$d20151201
=FMT  \\$a  SE
=LAS  \\$aIPL-CLA$b00$c20230209$lBLL01$h2337
=TOC  \\$aETOC

