=LDR  02088 am a2200529 i 4500
=001  016952140
=003  Uk
=005  20160707125257.0
=008  141017s2014\\\\gw\cg\\\\bc\\\001\0\ger\d
=020  \\$a9783873281530$qset
=020  \\$a3873281538$qset
=024  2\$a9790201822075$q(cl.)
=024  2\$aM201822075$q(cl.)
=035  \\$a(OCoLC)893406527
=035  \\$a(UkOxU)019991790
=038  \\$aOCoLC
=040  \\$aOHX$beng$cOHX$dWTU$dWCH$dOSU$dOCLCO$dNOC$dOCLCO$dUkOxU$dUk$erda
=042  \\$aukblsr
=050  \4$aML134.B4$bA18 2014
=072  \7$aML$2lcco
=100  1\$aDorfmüller, Kurt,$d1922-2017,$ecompiler.
=245  10$aLudwig van Beethoven :$bthematisch-bibliographisches Werkverzeichnis /$cbearbeitet von Kurt Dorfmüller, Norbert Gertsch und Julia Ronge ; unter Mitarbeit von Gertraut Haberkamp und dem Beethoven-Haus Bonn.
=246  13$aBeethoven Werkverzeichnis
=250  \\$aRevidierte und wesentlich erweiterte Neuausgabe des Verzeichnisses von Georg Kinsky und Hans Halm.
=264  \1$aMünchen :$bG. Henle Verlag,$c[2014]
=300  \\$a2 volumes :$bmusic, portrait ;$c27 cm
=336  \\$atext$btxt$2rdacontent
=337  \\$aunmediated$bn$2rdamedia
=338  \\$avolume$bnc$2rdacarrier
=504  \\$aIncludes bibliographical references and indexes.
=600  10$aBeethoven, Ludwig van,$d1770-1827$vThematic catalogs.
=600  10$aBeethoven, Ludwig van,$d1770-1827$vBibliography.
=700  1\$aGertsch, Norbert,$ecompiler.
=700  1\$aRonge, Julia,$ecompiler.
=700  1\$aHaberkamp, Gertraut.
=700  1\$iExpanded version of (work):$aKinsky, Georg,$d1882-1951.$tWerk Beethovens.
=710  2\$aBeethoven-Haus (Bonn, Germany)
=852  11$aBritish Library$bHMNTS$kMUS$h789$mBEE
=852  41$aBritish Library$bMUSIC
=CAT  \\$aBATCH-HARR$b00$c20141124$lBLL01$h0949
=CAT  \\$aBATCH-UPD$b00$c20141124$lBLL01$h0949
=CAT  \\$a6470$b40$c20160707$lBLL01$h1252
=CAT  \\$aBATCH-UPD$b40$c20170819$lBLL01$h1719
=FIN  \\$aY$d20160707
=FMT  \\$a  BK
=LAS  \\$aBATCH-UPD$b40$c20170819$lBLL01$h1719
=SID  \\$aZ39$bRLUK

