=LDR  01404cam a2200373 i 4500
=001  017078682
=003  Uk
=005  20230329155006.0
=008  150223s2013\\\\ne\\\\\\\i\\\\001\0\eng\\
=020  \\$a9789061946212
=040  \\$aUk$beng$cUk$erda
=041  1\$aeng$hdut
=082  04$a526.09492$223
=100  1\$aSchilder, Günter,$d1942-
=245  10$aMonumenta Cartographica Neerlandica : General index of volumes I-IX /$cGünter Schilder, compiled by Paula van Gestel-van het Schip.
=264  \1$a[Netherlands] :$bHES & DE GRAAF,$c2013.
=300  \\$a361 pages ;$c25 cm
=336  \\$atext$2rdacontent
=337  \\$aunmediated$2rdamedia
=338  \\$avolume$2rdacarrier
=500  \\$aIncludes indexes: Table of contents per volume -- Facsimiles -- Names of persons -- Cartographic documents -- Thematic subjects.
=546  \\$aTranslated from the Dutch.
=650  \0$aCartography$zNetherlands$xHistory.
=651  \0$aNetherlands$vMaps$vEarly works to 1800.
=852  41$aBritish Library$bMAPS
=852  41$aBritish Library$bHMNTS$cSPHOA$kMaps$hMaps Ref. B.8(World)(1)
=CAT  \\$a9749$b40$c20150223$lBLL01$h1627
=CAT  \\$a9749$b40$c20150223$lBLL01$h1628
=CAT  \\$aBATCH-UPD$b40$c20200203$lBLL01$h2206
=CAT  \\$a8874$b40$c20230329$lBLL01$h1549
=CAT  \\$a8874$b40$c20230329$lBLL01$h1550
=FIN  \\$aY$d20150223
=FMT  \\$a  BK
=LAS  \\$a8874$b40$c20230329$lBLL01$h1550

