=LDR  01515cam a2200445 a 4500
=001  013623213
=003  Uk
=005  20070118142742.0
=008  060723s2006\\\\enk\\\\\\b\\\\001\0\eng\\
=010  \\$a  2006023752
=015  \\$aGBA705428$2bnb
=016  7\$a013623213$2Uk
=020  \\$a159158180X (pbk.) :$cNo price
=040  \\$aDLC$cDLC$dUk
=042  \\$aukblsr
=043  \\$an-us---
=050  00$aZ682.35.V62$bD67 2006
=082  00$a020.23$222
=100  1\$aDority, G. Kim,$d1950-
=245  10$aRethinking information work :$ba career guide for librarians and other information professionals /$cG. Kim Dority.
=260  \\$aWestport, Conn. ;$aLondon :$bLibraries Unlimited,$c2006.
=300  \\$ax, 222 p. ;$c26 cm.
=336  \\$atext$2rdacontent
=337  \\$aunmediated$2rdamedia
=338  \\$avolume$2rdacarrier
=504  \\$aIncludes bibliographical references and index.
=650  \0$aLibrary science$xVocational guidance$zUnited States.
=650  \0$aInformation science$xVocational guidance$zUnited States.
=650  \0$aCareer development.
=852  41$aBritish Library$bHMNTS
=852  41$aBritish Library$bHMNTS$cSPHOA$kHUR$h020.23
=CAT  \\$a11375$b40$c20061212$lBLL01$h1050
=CAT  \\$a10896$b40$c20070118$lBLL01$h1154
=CAT  \\$a10896$b40$c20070118$lBLL01$h1427
=CAT  \\$aWR16_021$c20160616$lBLL01$h1813
=CAT  \\$aW2308-1659$c20230923$lBLL01$h1032
=FIN  \\$aY$d20070118
=FMT  \\$a  BK
=LAS  \\$aW2308-1659$b00$c20230923$lBLL01$h1032
=SRC  \\$aBLL02

