=LDR  05392cas a2201093 a 4500
=001  013649021
=003  Uk
=005  20230930111117.0
=008  791228d19641969pauar\\\\\\\\\0\\\a0eng\d
=010  \\$asc 80000635$zsn 80008663
=022  0\$a0195-783X
=035  \\$a(OCoLC)5829001$z(OCoLC)2257429
=040  \\$aNYG$cNYG$dNSD$dDLC$dNSD$dIUL$dNST$dOCL$dNST$dOCL$dOCLCQ$dUk
=042  \\$ansdp$alc
=043  \\$an-us---
=084  \\$aT 83$2blsrissc
=210  0\$aBook ASTM stand. relat. mater.
=222  \0$aBook of ASTM standards with related material
=245  00$aBook of ASTM standards;$bwith related materials.
=246  3\$aBook of American Society for Testing and Materials standards with related material
=246  14$aA.S.T.M. standards
=260  \\$aPhiladelphia,$bAmerican Society for Testing and Materials.
=300  \\$a6 v.$c24 cm.
=310  \\$aAnnual
=336  \\$atext$2rdacontent
=337  \\$aunmediated$2rdamedia
=338  \\$avolume$2rdacarrier
=362  0\$a1964-69.
=510  0\$aChemical abstracts$x0009-2258
=515  \\$aEach vol. issued in parts.
=540  \\$aCurrent Copyright Fee: GBP35.64$c0$5Uk
=710  2\$aAmerican Society for Testing and Materials.
=710  2\$aAmerican Society for Testing and Materials.$tA.S.T.M. standards.
=780  00$tBook of A.S.T.M. standards including tentatives$x0517-5011
=785  00$aAmerican Society for Testing and Materials.$tAnnual book of ASTM standards$x0192-2998
=852  71$aBritish Library$bSTI$k(P)$hT 83$m-E(2)$2blsrissc$31964- 1969
=852  49$aBritish Library$bDSC$3See shelfmark 1747.092000 for 1964-1969
=ACF  \\$aBritish Library not licensed to copy$c0$e01-apr-2012$hC$iCLA Excluded$5Uk
=ACF  \\$aBritish Library not licensed to copy$c0$e01-jan-2012$hC$iCLA Excluded$5Uk
=ACF  \\$aBritish Library not licensed to copy$c0$e01-oct-2011$hC$iCLA Excluded$5Uk
=ACF  \\$aBritish Library not licensed to copy$c0$e01-jul-2011$hC$iCLA Excluded$5Uk
=ACF  \\$aBritish Library not licensed to copy$c0$e01-apr-2011$hC$iCLA Excluded$5Uk
=ACF  \\$aBritish Library not licensed to copy$c0$e01-jan-2011$hC$iCLA Excluded$5Uk
=ACF  \\$aBritish Library not licensed to copy$c0$e01-oct-2010$hC$iCLA Excluded$5Uk
=ACF  \\$aBritish Library not licensed to copy$c0$e01-jul-2010$hC$iCLA Excluded$5Uk
=ACF  \\$aBritish Library not licensed to copy$c0$e01-apr-2010$hC$iCLA Excluded$5Uk
=ACF  \\$aBritish Library not licensed to copy$c0$e01-Jan-2010$hC$iCLA Excluded$5Uk
=ACF  \\$aBritish Library not licensed to copy$c0$e01-oct-2009$hC$iCLA Excluded$5Uk
=ACF  \\$aPrevious Copyright Fee: GBP13.50$c0$e01-jan-2008$fGBP13.50$g0$hC$5Uk
=ACF  \\$aPrevious Copyright Fee: GBP13.50$c0$e01-oct-2007$fGBP13.50$g0$hC$5Uk
=ACF  \\$aPrevious Copyright Fee: GBP13.50$c0$e01-jul-2007$fGBP13.50$g0$hC$5Uk
=ACF  \\$aPrevious Copyright Fee: GBP13.85$c0$e01-apr-2007$fGBP13.85$g0$hC$5Uk
=ACF  \\$aBritish Library not licensed to copy$c0$e01-jul-2012$hC$iCLA Excluded$5Uk
=ACF  \\$aBritish Library not licensed to copy$c0$e01-oct-2012$hC$iCFP Excluded$5Uk
=ACF  \\$aBritish Library not licensed to copy$c0$e01-apr-2014$hC$iCFP Excluded$5Uk
=ACF  \\$aBritish Library not licensed to copy$c0$e01-jul-2014$hC$iCFP Excluded$5Uk
=ACF  \\$aPrevious Copyright Fee: GBP8.30$c0$e01-oct-2022$fGBP8.30$g0$hC$5Uk
=ACF  \\$aBritish Library not licensed to copy$c0$e01-jan-2023$hC$iCFP Excluded$5Uk
=ACF  \\$aPrevious Copyright Fee: GBP9.02$c0$e09-feb-2023$fGBP9.02$g0$hC$5Uk
=ACF  \\$aPrevious Copyright Fee: GBP8.34$c0$e01-apr-2023$fGBP8.34$g0$hC$5Uk
=CAT  \\$a8456$b40$c20070122$lBLL01$h1514
=CAT  \\$aBATCH-CLA$b00$c20120229$lBLL01$h1602
=CAT  \\$aIPL-CLA$c20120330$lBLL01$h1438
=CAT  \\$aBATCH-CLA$b00$c20120531$lBLL01$h1719
=CAT  \\$aIPL-CLA$c20120629$lBLL01$h1037
=CAT  \\$aBATCH-CLA$b00$c20120831$lBLL01$h1544
=CAT  \\$aIPL-CLA$c20120930$lBLL01$h2126
=CAT  \\$aBATCH-CLA$b00$c20121109$lBLL01$h1725
=CAT  \\$aWR12_128$c20121113$lBLL01$h1838
=CAT  \\$aBATCH-CLA$b00$c20140228$lBLL01$h1614
=CAT  \\$aIPL-CLA$c20140331$lBLL01$h1630
=CAT  \\$aBATCH-CLA$b00$c20140530$lBLL01$h1709
=CAT  \\$aIPL-CLA$c20140630$lBLL01$h1730
=CAT  \\$aBATCH-CLA$b00$c20220903$lBLL01$h0718
=CAT  \\$aBATCH-UPD$b00$c20220903$lBLL01$h0720
=CAT  \\$aIPL-CLA$c20220930$lBLL01$h1559
=CAT  \\$aBATCH-CLA$b00$c20221130$lBLL01$h1430
=CAT  \\$aIPL-CLA$c20221231$lBLL01$h2132
=CAT  \\$aBATCH-CLA$b00$c20230209$lBLL01$h1517
=CAT  \\$aIPL-CLA$c20230210$lBLL01$h0105
=CAT  \\$aBATCH-CLA$b00$c20230314$lBLL01$h1827
=CAT  \\$aIPL-CLA$c20230331$lBLL01$h1649
=CAT  \\$aBATCH-CLA$b00$c20230531$lBLL01$h1702
=CAT  \\$aIPL-CLA$c20230630$lBLL01$h1726
=CAT  \\$aBATCH-CLA$b00$c20230906$lBLL01$h1738
=CAT  \\$aIPL-CLA$c20230930$lBLL01$h1111
=CFI  0\$aCurrent Copyright Fee: GBP35.64$c0$e01-oct-2023$fGBP35.64$g0$hC$5Uk
=CFI  2\$aPrevious Copyright Fee: GBP36.90$c0$e01-jul-2023$fGBP36.90$g0$hC$5Uk
=FIN  \\$aY$d20060122
=FMT  \\$a  SE
=LAS  \\$aIPL-CLA$b00$c20230930$lBLL01$h1111
=LKR  \\$aPAR$b005423413$lBLL01$r78000$mBook of ASTM standards with related material$nBook of A.S.T.M. standards including tentatives
=SID  \\$aZ39$bOCLC
=TCO  \\$aTRS$bCCC$c008

