=LDR  01518aam a2200457 a 4500
=001  013672244
=003  Uk
=005  20071011220911.0
=008  060927s2007\\\\stk\\\\\\b\\\\001\0\eng\\
=010  \\$a  2006051702
=015  \\$aGBA711864$2bnb
=016  7\$a013672244$2Uk
=020  \\$a9780443103384 (pbk.) :$c£26.99
=020  \\$a0443103380 (pbk.) :$c£26.99
=040  \\$aStDuBDS$beng$cStDuBDS$dUk
=042  \\$aukblsr
=050  10$aRC457$b.A15 2007
=082  00$a616.890076$222
=245  00$a1500 questions in psychiatry for the MRCPsych /$cedited by Albert Michael, Ben Underwood.
=246  3\$aFifteen hundred questions for the MRCPsych
=260  \\$aEdinburgh :$bChurchill Livingstone,$c2007.
=300  \\$axii, 381 p. ;$c24 cm.
=336  \\$atext$2rdacontent
=337  \\$aunmediated$2rdamedia
=338  \\$avolume$2rdacarrier
=500  \\$aFormerly CIP.$5Uk
=504  \\$aIncludes bibliographical references and index.
=650  \0$aPsychiatry$xExaminations, questions, etc.
=700  1\$aMichael, Albert.
=700  1\$aUnderwood, Ben.
=852  11$aBritish Library$bSTI$k(B)$h616.890076
=852  \\$aBritish Library$bHMNTS
=BUF  \\$aN$d20070705
=CAT  \\$aBATCH-CIP$b00$c20070220$lBLL01$h1702
=CAT  \\$aBATCH$b00$c20070220$lBLL01$h1703
=CAT  \\$a6923$b40$c20070705$lBLL01$h1131
=CAT  \\$aBATCH-BUOC$b00$c20071011$lBLL01$h2209
=CAT  \\$aWR16_021$c20160617$lBLL01$h1808
=FIN  \\$aY$d20070705
=FMT  \\$a  BK
=LAS  \\$aWR16_021$b00$c20160617$lBLL01$h1808

