=LDR  01334 am a2200385 a 4500
=001  013676953
=003  Uk
=005  20070223132104.0
=008  070220s2006\\\\stkab\\\\b\\\\000\0\eng\\
=015  \\$aGBA715361$2bnb
=016  7\$a013676953$2Uk
=040  \\$aUk$beng$cUk
=042  \\$aukblsr
=082  04$a554.1$222
=245  03$aAn approach to hydrogeological assessment of quaternary deposits in the UK :$bproject WFD34 final report.
=260  \\$aEdinburgh :$bSNIFFER,$c2006.
=300  \\$a2 v, :$bcol. ill., col. maps ;$c30 cm.
=336  \\$atext$2rdacontent
=337  \\$aunmediated$2rdamedia
=338  \\$avolume$2rdacarrier
=500  \\$aTitle from cover.
=504  \\$aIncludes bibliographical references.
=505  0\$aPart 1. Background -- Part 2. Methodology and testing.
=650  \0$aPaleogeography$zGreat Britain$yQuaternary.
=650  \0$aHydrogeology$zGreat Britain.
=710  2\$aScotland & Northern Ireland Forum for Environmental Research.
=852  11$aBritish Library$bHMNTS
=852  11$aBritish Library$bSTI$k(B)$h554.1
=CAT  \\$a10876$b40$c20070220$lBLL01$h1028
=CAT  \\$a10876$b40$c20070220$lBLL01$h1029
=CAT  \\$a11070$b40$c20070223$lBLL01$h1321
=CAT  \\$aWR16_021$c20160617$lBLL01$h1809
=FIN  \\$aY$d20070223
=FMT  \\$a  BK
=LAS  \\$aWR16_021$b00$c20160617$lBLL01$h1809

