=LDR  02107pam a2200565 a 4500
=001  013694267
=003  Uk
=005  20070808161543.0
=008  070116s2007\\\\ne\ac\\\\b\\\\001\0\eng\d
=015  \\$aGBA720401$2bnb
=016  7\$a013694267$2Uk
=020  \\$a9780444521446 (cased) :$c£160.00
=020  \\$a0444521445 (cased) :$c£160.00
=040  \\$aStDuBDS$beng$cStDuBDS$dUk
=042  \\$aukblsr
=082  04$a546.41$222
=245  00$aOptical spectroscopy /$ceditors: Karl A. Gschneidner, Jr., Jean-Claude G. Bünzli, Vitalij K. Pecharsky.
=260  \\$aAmsterdam ;$aOxford :$bElsevier,$c2007.
=300  \\$axlv, 511 p. :$bill. (some col.), port. ;$c25 cm.
=336  \\$atext$2rdacontent
=337  \\$aunmediated$2rdamedia
=338  \\$avolume$2rdacarrier
=490  1\$aHandbook on the physics and chemistry of rare earths,$x0168-1273 ;$vv. 37
=500  \\$aFormerly CIP.$5Uk
=504  \\$aIncludes bibliographical references and index.
=650  \0$aRare earths.
=650  \0$aOptical spectroscopy.
=700  1\$aGschneidner, Karl A.,$cJr.,$d1930-2016.
=700  1\$aBünzli, J.-C. G.,$d1944-
=700  1\$aPecharsky, Vitalij K.
=830  \0$aHandbook on the physics and chemistry of rare earths,$x0168-1273 ;$vv. 37
=852  \\$aBritish Library$bDSC
=852  11$aBritish Library$bSTI$k(B)$h546.41
=CAT  \\$aBATCH-CIP$b00$c20070313$lBLL01$h1701
=CAT  \\$aBATCH$b00$c20070313$lBLL01$h1702
=CAT  \\$aBATCH$b00$c20070313$lBLL01$h1707
=CAT  \\$aBATCH$b00$c20070607$lBLL01$h1012
=CAT  \\$aBATCH$b00$c20070607$lBLL01$h1019
=CAT  \\$a12493$b40$c20070730$lBLL01$h1003
=CAT  \\$a5751$b40$c20070808$lBLL01$h1612
=CAT  \\$a5751$b40$c20070808$lBLL01$h1615
=CAT  \\$aBATCH$b00$c20091217$lBLL01$h0449
=CAT  \\$aBATCH$b00$c20100103$lBLL01$h1242
=CAT  \\$aWR16_021$c20160617$lBLL01$h1813
=CAT  \\$a5194$b40$c20171120$lBLL01$h1123
=CAT  \\$aBATCH-UPD$b40$c20171120$lBLL01$h1124
=CAT  \\$aBATCH-UPD$b40$c20190128$lBLL01$h2029
=FIN  \\$aY$d20070808
=FMT  \\$a  BK
=LAS  \\$aBATCH-UPD$b40$c20190128$lBLL01$h2029

