=LDR  01248 am a2200385 a 4500
=001  013712835
=003  Uk
=005  20160617194400.0
=008  070413s2007\\\\ie\\\\\\\b\\\\001\0\eng\\
=015  \\$aGBA729452$2bnb
=016  7\$a013712835$2Uk
=020  \\$a9780954149390 (pbk.) :$c€65
=040  \\$aUk$beng$cUk
=042  \\$aukblsr
=082  04$a616.89$222
=100  10$aO'Shea, Brian,$d1949-
=245  10$aCore general adult psychiatry :$b'functional' syndromes /$cBrian O'Shea.
=260  \\$aDublin :$bEireann Healthcare Publications,$c2007.
=300  \\$aiii, 227 p. ;$c30 cm.
=336  \\$atext$2rdacontent
=337  \\$aunmediated$2rdamedia
=338  \\$avolume$2rdacarrier
=504  \\$aIncludes bibliographical references and index.
=650  \0$aPsychiatry.
=852  11$aBritish Library$bSTI$k(B)$h616.89
=852  \\$aBritish Library$bHMNTS
=CAT  \\$a11029$b40$c20070413$lBLL01$h0850
=CAT  \\$a11029$b40$c20070413$lBLL01$h0851
=CAT  \\$a7000$b40$c20070418$lBLL01$h1622
=CAT  \\$aBATCH-LDL$b00$c20070424$lBLL01$h0135
=CAT  \\$aWR16_021$c20160617$lBLL01$h1816
=CAT  \\$aBATCH-UPD$b00$c20160617$lBLL01$h1944
=FIN  \\$aY$d20070417
=FMT  \\$a  BK
=LAS  \\$aBATCH-UPD$b00$c20160617$lBLL01$h1944

