=LDR  01553pam a2200469 a 4500
=001  013730129
=003  Uk
=005  20070810171117.0
=008  070418s2007\\\\ne\a\\\\\b\\\\001\0\eng\d
=015  \\$aGBA730162$2bnb
=016  7\$a013730129$2Uk
=020  \\$a9780080466156 (hbk.) :$c£105.00
=040  \\$aStDuBDS$beng$cStDuBDS$dUk
=042  \\$aukblcatcopy
=082  04$a620.11$222
=100  10$aMachlin, E. S.
=245  13$aAn introduction to aspects of thermodynamics and kinetics relevant to materials science /$cEugene S. Machlin.
=250  \\$a3rd ed.
=260  \\$aAmsterdam ;$aLondon :$bElsevier,$c2007.
=300  \\$axvi, 461 p. :$bill. ;$c24 cm.
=336  \\$atext$2rdacontent
=337  \\$aunmediated$2rdamedia
=338  \\$avolume$2rdacarrier
=500  \\$aFormerly CIP.$5Uk
=504  \\$aIncludes bibliographical references and index.
=650  \0$aMaterials science.
=650  \0$aThermodynamics.
=650  \0$aDynamics.
=852  41$aBritish Library$bSTI$k(B)$h620.11
=852  \\$aBritish Library$bDSC
=917  \\$aPriority processing
=CAT  \\$aBATCH-CIP$b00$c20070509$lBLL01$h1037
=CAT  \\$aBATCH$b00$c20070509$lBLL01$h1038
=CAT  \\$aBATCH$b00$c20070704$lBLL01$h1340
=CAT  \\$aBATCH$b00$c20070704$lBLL01$h1345
=CAT  \\$a11029$b40$c20070809$lBLL01$h0849
=CAT  \\$a6632$b40$c20070810$lBLL01$h1711
=CAT  \\$aWR16_021$c20160617$lBLL01$h1817
=CAT  \\$aBATCH-UPD$b00$c20160617$lBLL01$h1951
=FIN  \\$aY$d20070810
=FMT  \\$a  BK
=LAS  \\$aBATCH-UPD$b00$c20160617$lBLL01$h1951

