=LDR  05160 as a2201045 a 4500
=001  013760428
=003  Uk
=005  20070704151106.0
=007  ta
=008  760415d19701976pauwn1\\\a\\\\0\\\a0eng\\
=010  \\$a76613303
=022  0\$a0011-3158
=035  \\$a(OCoLC)ocm02112946
=040  \\$aDLC$cOKentU$dNIC$dDNLM$dNSDP$dOCoLC$dDLC$dOCoLC$dDLC$dOCoLC$dNSDP$dNST$dDLC$dOCoLC$dUk
=042  \\$ansdp$alc
=050  00$aQD1$b.I53
=060  00$aZ 5524$bI38
=082  0\$a540.8
=130  0\$aCurrent abstracts of chemistry and index chemicus (Philadelphia, Pa. : 1970)
=210  0\$aCurr. abstr. chem. index chem.$b(1970)
=222  \0$aCurrent abstracts of chemistry and index chemicus$b(1970)
=245  10$aCurrent abstracts of chemistry and index chemicus.
=260  \\$aPhiladelphia,$bInstitute for Scientific Information.
=300  \\$a28 v.$bill.$c28 cm.
=310  \\$aWeekly (with monthly indexes)
=336  \\$atext$2rdacontent
=337  \\$aunmediated$2rdamedia
=338  \\$avolume$2rdacarrier
=362  0\$av. 36-63 (issue 319-682); Jan. 7, 1970-Dec. 29, 1976.
=540  \\$aBritish Library not licensed to copy$c0$5Uk
=555  \\$aIndex issues, published monthly and cumulated semiannually and annually, have title: Index chemicus; quadrennial cumulations have title: Encyclopaedia chimica internationalis.
=580  \\$aContinued in part by an abstracts section called: Current abstracts of chemistry; and an index section called: Index chemicus (Philadelphia, Pa. : 1977).
=650  \0$aChemistry$vAbstracts$vPeriodicals.
=650  \0$aChemistry$vBibliography$vPeriodicals.
=650  \0$aChemistry$xIndexes$vPeriodicals.
=710  2\$aInstitute for Scientific Information.
=730  0\$aIndex chemicus.
=780  00$tIndex chemicus (Philadelphia, Pa. : 1960)$x0536-6429
=785  11$tCurrent abstracts of chemistry$x0160-1490
=785  11$tIndex chemicus (Philadelphia, Pa. : 1977)$x0160-1482
=852  49$aBritish Library$bDSC$3See shelfmark 3494.030000 for 1970-1976
=852  71$aBritish Library$bSTI$k(A)$hJB 05$m-E (17)$2blsrissc$3Vol. 36// ISSUE 319, 1970- 1976 ; See also AL(A)JB05-E(27) Reading room
=ACF  \\$aBritish Library not licensed to copy$c0$e07-sep-2011$hC$iTX$5Uk
=ACF  \\$aPrevious copyright fee: GBP10.50$c0$e01-jan-2011$fGBP10.50$g0$hA$5Uk
=ACF  \\$aBritish Library not licensed to copy$c0$e01-jul-2009$hC$iCLA Excluded$5Uk
=ACF  \\$aBritish Library not licensed to copy$c0$e01-apr-2009$hC$iCLA Excluded$5Uk
=ACF  \\$aBritish Library not licensed to copy$c0$e01-jan-2009$hC$iCLA Excluded$5Uk
=ACF  \\$aBritish Library not licensed to copy$c0$e01-oct-2008$hC$iCLA Excluded$5Uk
=ACF  \\$aBritish Library not licensed to copy$c0$e01-jul-2008$hC$iCLA Excluded$5Uk
=ACF  \\$aBritish Library not licensed to copy$c0$e01-apr-2008$hC$iCLA Excluded$5Uk
=ACF  \\$aBritish Library not licensed to copy$c0$e01-jan-2008$hC$iCLA Excluded$5Uk
=ACF  \\$aBritish Library not licensed to copy$c0$e01-oct-2007$hC$iCLA Excluded$5Uk
=ACF  \\$aBritish Library not licensed to copy$c0$e01-jul-2012$hC$iCLA Excluded$5Uk
=ACF  \\$aBritish Library not licensed to copy$c0$e01-oct-2012$hC$iCFP Excluded$5Uk
=ACF  \\$aBritish Library not licensed to copy$c0$e01-jul-2013$hC$iCFP Excluded$5Uk
=ACF  \\$aBritish Library not licensed to copy$c0$e01-oct-2013$hC$iCFP Excluded$5Uk
=CAT  \\$a8456$b40$c20070605$lBLL01$h1044
=CAT  \\$aBATCH-UPD$b00$c20090331$lBLL01$h2318
=CAT  \\$aBATCH-UPD$b00$c20090401$lBLL01$h0047
=CAT  \\$aBATCH$b00$c20090401$lBLL01$h0217
=CAT  \\$aBATCH-CLA$b00$c20090529$lBLL01$h1733
=CAT  \\$aBATCH-UPD$b00$c20090701$lBLL01$h2018
=CAT  \\$aBATCH-UPD$b00$c20090701$lBLL01$h2042
=CAT  \\$aBATCH$b00$c20090701$lBLL01$h2103
=CAT  \\$aBATCH-UPD$b00$c20101201$lBLL01$h1250
=CAT  \\$aIPL-CLA$c20101231$lBLL01$h1522
=CAT  \\$aBATCH-UPD$b00$c20110907$lBLL01$h1829
=CAT  \\$aIPL-CLA$c20110908$lBLL01$h1744
=CAT  \\$aBATCH-CLA$b00$c20120531$lBLL01$h1716
=CAT  \\$aIPL-CLA$c20120629$lBLL01$h1037
=CAT  \\$aBATCH-CLA$b00$c20120831$lBLL01$h1543
=CAT  \\$aIPL-CLA$c20120930$lBLL01$h2127
=CAT  \\$aBATCH-CLA$b00$c20121109$lBLL01$h1725
=CAT  \\$aWR12_128$c20121113$lBLL01$h1839
=CAT  \\$aBATCH-CLA$b00$c20130531$lBLL01$h1646
=CAT  \\$aIPL-CLA$c20130701$lBLL01$h0107
=CAT  \\$aBATCH-CLA$b00$c20130830$lBLL01$h1624
=CAT  \\$aIPL-CLA$c20130930$lBLL01$h1751
=CAT  \\$aBATCH-CLA$b00$c20131129$lBLL01$h1651
=CAT  \\$aIPL-CLA$c20140101$lBLL01$h0019
=CAT  \\$aBATCH-CLA$b00$c20140530$lBLL01$h1707
=CAT  \\$aIPL-CLA$c20140630$lBLL01$h1732
=CFI  0\$aBritish Library not licensed to copy$c0$e01-jul-2014$hC$iCFP Excluded$5Uk
=CFI  2\$aBritish Library not licensed to copy$c0$e01-jan-2014$hC$iCFP Excluded$5Uk
=FIN  \\$aY$d20070605
=FMT  \\$a  SE
=LAS  \\$aIPL-CLA$b00$c20140630$lBLL01$h1732
=LKR  \\$aPAR$b013760419$lBLL01$r78000$mCurrent abstracts of chemistry and index chemicus (1970)$nIndex chemicus (1960)
=SID  \\$aZ39$bLOC
=TCO  \\$aTRS$bCCC$c008

