=LDR  04957 as a22008777a 4500
=001  013788842
=003  Uk
=005  20070710150120.0
=007  ta
=008  070710d19uu1987ru\mr\p\\\\\\\0\\\c0rus\\
=022  0\$a0026-9026
=040  \\$aUk$beng$cUk
=210  0\$aMoločn. prom.$b(Mosk., 1934)
=222  \0$aMoločnaâ promyšlennostʹ$b(Moskva. 1934)
=245  00$aMolochnai︠a︡ promyshlennostʹ.
=260  \\$aMoskva :$bIdz-vo "Pishchevai︠a︡ promyshlennostʹ",$c-1987.
=300  \\$av. :$bill. ;$c26 cm.
=300  \\$av.
=336  \\$atext$2rdacontent
=337  \\$aunmediated$2rdamedia
=338  \\$avolume$2rdacarrier
=362  0\$a-no. 12, 1987 (dek. 1987).
=515  \\$aVol. 8 omitted from numbering.
=515  \\$aPublication suspended 1941-47.
=540  \\$aBritish Library not licensed to copy$c0$5Uk
=550  \\$aVols. for <i︠a︡nv. 1948>-mart 1953 issued by Ministerstvo mi︠a︡snoĭ i molochnoĭ promyshlennosti Soiuza SSR; apr. 1953-avg. 1954 by Ministerstvo legkoĭ i pishchevoĭ promyshlennosti prodovolʹstvennykh tovsrov SSSR; 1954, no. 4-1957, no. 6 by Ministerstvo promyshlennosti mi︠a︡snykh i molochnykh producktov SSSR; Okt. 1957-<Mart 1961> by Gosudarstvennyĭ nauchno-tekhnicheskii komitet Soveta Ministrov SSSR; apr. 1960-dek. 1985 by T︠S︡entralnoe pravlenie Nauchno-tekhnicheskogo obshchestva pishchevoĭ promyshlennosti; maĭ 1961>-mart 1963 by Gosudarstvennyĭ komitet Soceta Ministrov SSSR po koordinat︠s︡i naucho-issledovatelskikh rabot; apr. 1963-kt. 1965 by Gosudarstvennyĭ komitet po pishchevoiĭ promyshlennosti pri Gosplane SSSR; noi︠a︡br 1965-dek. 1985 by Ministerstvo mi︠a︡snoi i molochnoĭ ︡promyshlennosti SSSR; i︠a︡nv. 1986- by Gosudarstvennyĭ agropromyshlennyĭ komitet SSSR.
=580  \\$aMerged with: Mi︠a︡snai︠a︡ industrii︠a︡ SSSR, to form: Molochnai︠a︡ i mi︠a︡snai︠a︡ promyshlennostʹ.
=650  \0$aDairying$zSoviet Union$vPeriodicals.
=710  1\$aSoviet Union.$bMinisterstvo promyshlennosti mi︠a︡snykh i molochnykh produktov.
=710  1\$aSoviet Union.$bMinisterstvo mi︠a︡snoĭ i molochnoĭ promyshlennosti.
=710  2\$aNauchno-tekhnicheskoe obshchestvo pishchevoĭ promyshlennosti (Soviet Union).$bT︠S︡entralʹnoe pravlenie.
=780  00$tMolochnomaslodelʹnai︠a︡ promyshlennostʹ
=785  17$tMi︠a︡snai︠a︡ industrii︠a︡ SSSR$x0027-5492
=785  17$tMolochnai︠a︡ i mi︠a︡snai︠a︡ promyshlennostʹ$x0235-2575
=852  49$aBritish Library$bDSC$3See 0116.000000 for DSC stock
=852  71$aBritish Library$bSTI$k(P)$hHR 20$m-R(9)$2blsrissc$31978-87; Deficient: 1981, no.12
=ACF  \\$aPrevious Copyright Fee: GBP1.25$c0$e01-jul-2009$fGBP1.25$g0$hC$5Uk
=ACF  \\$aPrevious Copyright Fee: GBP1.25$c0$e01-apr-2009$fGBP1.25$g0$hC$5Uk
=ACF  \\$aPrevious Copyright Fee: GBP1.09$c0$e01-jan-2009$fGBP1.09$g0$hC$5Uk
=ACF  \\$aPrevious Copyright Fee: GBP0.88$c0$e01-oct-2008$fGBP0.88$g0$hC$5Uk
=ACF  \\$aPrevious Copyright Fee: GBP0.88$c0$e01-jul-2008$fGBP0.88$g0$hC$5Uk
=ACF  \\$aPrevious Copyright Fee: GBP0.85$c0$e01-apr-2008$fGBP0.85$g0$hC$5Uk
=ACF  \\$aPrevious Copyright Fee: GBP0.88$c0$e01-jan-2008$fGBP0.88$g0$hC$5Uk
=ACF  \\$aPrevious Copyright Fee: GBP0.88$c0$e01-oct-2007$fGBP0.88$g0$hC$5Uk
=CAT  \\$a8874$b40$c20070710$lBLL01$h1459
=CAT  \\$aBATCH-CLA$b00$c20080530$lBLL01$h1754
=CAT  \\$aBATCH-UPD$b00$c20080630$lBLL01$h2346
=CAT  \\$aBATCH-UPD$b00$c20080701$lBLL01$h0053
=CAT  \\$aBATCH$b00$c20080701$lBLL01$h0156
=CAT  \\$aBATCH-CLA$b00$c20080829$lBLL01$h1844
=CAT  \\$aBATCH-UPD$b00$c20080930$lBLL01$h2255
=CAT  \\$aBATCH-UPD$b00$c20081001$lBLL01$h0013
=CAT  \\$aBATCH$b00$c20081001$lBLL01$h0129
=CAT  \\$aBATCH-CLA$b00$c20081128$lBLL01$h1753
=CAT  \\$aBATCH-UPD$b00$c20081231$lBLL01$h2326
=CAT  \\$aBATCH-UPD$b00$c20090101$lBLL01$h0056
=CAT  \\$aBATCH$b00$c20090101$lBLL01$h0232
=CAT  \\$aBATCH-CLA$b00$c20090227$lBLL01$h1654
=CAT  \\$aBATCH-UPD$b00$c20090331$lBLL01$h2318
=CAT  \\$aBATCH-UPD$b00$c20090401$lBLL01$h0047
=CAT  \\$aBATCH$b00$c20090401$lBLL01$h0217
=CAT  \\$aBATCH-CLA$b00$c20090529$lBLL01$h1730
=CAT  \\$aBATCH-UPD$b00$c20090701$lBLL01$h2018
=CAT  \\$aBATCH-UPD$b00$c20090701$lBLL01$h2042
=CAT  \\$aBATCH$b00$c20090701$lBLL01$h2103
=CAT  \\$aBATCH-UPD$b00$c20101201$lBLL01$h1250
=CAT  \\$aIPL-CLA$c20101231$lBLL01$h1522
=CAT  \\$aBATCH-UPD$b00$c20110907$lBLL01$h1829
=CAT  \\$aIPL-CLA$c20110908$lBLL01$h1744
=CAT  \\$aBATCH-CLA$b00$c20121109$lBLL01$h1724
=CFI  0\$aBritish Library not licensed to copy$c0$e07-sep-2011$hC$iTX$5Uk
=CFI  2\$aPrevious copyright fee: GBP10.50$c0$e01-jan-2011$fGBP10.50$g0$hA$5Uk
=FIN  \\$aY$d20070710
=FMT  \\$a  SE
=LAS  \\$aBATCH-CLA$b00$c20121109$lBLL01$h1724
=TCO  \\$aXXX$c008

