=LDR  02073aam a2200601   4500
=001  013792258
=003  Uk
=005  20071109132250.0
=008  070531s2007\\\\ne\af\\\\b\\\\001\0\eng\c
=015  \\$aGBA770167$2bnb
=016  7\$a013792258$2Uk
=020  \\$a9780123694782 (hbk.) :$cNo price
=020  \\$a9780123694799 (pbk.) :$cNo price
=035  \\$a(WlAbNL)vtls003527812
=040  \\$aNLGGC$bdut$cNLGGC$dYDXCP$dBAKER$dUk$efobidrtb
=042  \\$aukscp
=082  04$a579.562$222
=245  00$aYeast gene analysis /$cedited by Ian Stansfield, Michael J.R. Stark.
=250  \\$a2nd ed.
=260  \\$aAmsterdam ;$aOxford :$bElsevier Academic Press,$c2007.
=300  \\$axvi, 700 p., [12] p. of plates :$bill. (some col.),$c26 cm.
=336  \\$atext$2rdacontent
=337  \\$aunmediated$2rdamedia
=338  \\$avolume$2rdacarrier
=490  0\$aMethods in microbiology ;$vv. 36
=504  \\$aIncludes bibliographical references and index.
=530  \\$aElectronic version available.
=590  \\$aPrecat review needed
=650  \0$aMicrobiology$xTechnique.
=650  \0$aYeast$xGenetics.
=700  1\$aStansfield, Ian.
=700  1\$aStark, Michael J. R.
=852  \\$aBritish Library$bDSC
=852  11$aBritish Library$bSTI$k(B)$h579.562
=985  \\$aLDL record matched & merged
=CAT  \\$aBATCH-ALDL$b00$c20070713$lBLL01$h1010
=CAT  \\$a10775$b40$c20070801$lBLL01$h1546
=CAT  \\$a11070$b40$c20070809$lBLL01$h1355
=CAT  \\$a11070$b40$c20070810$lBLL01$h1700
=CAT  \\$aBATCH-LDL$b00$c20070904$lBLL01$h0244
=CAT  \\$aBATCH$b00$c20070904$lBLL01$h0245
=CAT  \\$aBATCH-LDL$b00$c20070904$lBLL01$h0245
=CAT  \\$a12327$b40$c20071101$lBLL01$h0911
=CAT  \\$a6328$b40$c20071109$lBLL01$h1322
=CAT  \\$aBATCH$b00$c20091225$lBLL01$h0204
=CAT  \\$aWR16_021$c20160617$lBLL01$h1829
=CAT  \\$aBATCH-UPD$b00$c20160617$lBLL01$h2126
=FIN  \\$aY$d20070809
=FMT  \\$a  BK
=LAS  \\$aBATCH-UPD$b00$c20160617$lBLL01$h2126
=LDO  \\$aALDL$bHB$c20070606
=SID  \\$aZ39$bOCLC
=SRC  \\$aALDL

