=LDR  02138 am a22005533a 4500
=001  013801437
=003  Uk
=005  20070727093627.0
=008  070725s2005\\\\enk\\\\\\b\\\\000\0\eng\\
=015  \\$aGBA758852$2bnb
=016  7\$a013801437$2Uk
=020  \\$a9780955218743 (pbk.) :$cNo price
=020  \\$a0955218748 (pbk.) :$cNo price
=040  \\$aUk$beng$cUk
=042  \\$aukblsr
=082  04$a331.891420941$222
=100  10$aSeargeant, John.
=245  14$aThe Acas small firms' mediation pilot :$bresearch to explore parties' experiences and views on the value of mediation /$cprepared by: John Seargeant on behalf of Acas Research and Evaluation Section.
=260  \\$a[London] :$bAcas,$c2005.
=300  \\$a56 p. ;$c30 cm.
=336  \\$atext$2rdacontent
=337  \\$aunmediated$2rdamedia
=338  \\$avolume$2rdacarrier
=490  1\$aResearch paper
=500  \\$aTitle from cover.
=500  \\$a"Ref: 04/05."
=504  \\$aIncludes bibliographical references.
=650  \0$aMediation and conciliation, Industrial$vGreat Britain.
=650  \0$aSmall business$vGreat Britain.
=690  7\$aManagement and Business Studies$2blcoll
=710  1\$aGreat Britain.$bAdvisory, Conciliation, and Arbitration Service.$bResearch and Evaluation Section.
=830  \0$aResearch paper (Great Britain. Advisory, Conciliation, and Arbitration Service)
=852  11$aBritish Library$bSTI$k(B)$h331.891420941
=852  \\$aBritish Library$bHMNTS
=CAT  \\$a10876$b40$c20070725$lBLL01$h1140
=CAT  \\$a10876$b40$c20070725$lBLL01$h1141
=CAT  \\$a12167$b40$c20070725$lBLL01$h1558
=CAT  \\$a12167$b40$c20070725$lBLL01$h1612
=CAT  \\$a12167$b40$c20070726$lBLL01$h0932
=CAT  \\$a12167$b40$c20070726$lBLL01$h1158
=CAT  \\$a12167$b40$c20070726$lBLL01$h1433
=CAT  \\$aBATCH-UPD$b40$c20070727$lBLL01$h0927
=CAT  \\$a5194$b40$c20070727$lBLL01$h0936
=CAT  \\$aBATCH$b00$c20090625$lBLL01$h1703
=CAT  \\$aWR16_021$c20160617$lBLL01$h1831
=CAT  \\$aBATCH-UPD$b00$c20160617$lBLL01$h2140
=FIN  \\$aY$d20070725
=FMT  \\$a  BK
=LAS  \\$aBATCH-UPD$b00$c20160617$lBLL01$h2140

