=LDR  01928 am a2200505 a 4500
=001  013801457
=003  Uk
=005  20071003131547.0
=008  070725s2004\\\\enk\\\\\\b\\\\000\0\eng\\
=015  \\$aGBA758865$2bnb
=016  7\$a013801457$2Uk
=020  \\$cNo price (pbk.)
=040  \\$aUk$beng$cUk
=042  \\$aukblsr
=082  04$a331.89140941$222
=100  10$aDix, Gill.
=245  10$aComing to the table :$bthe role of Acas in collective disputes and improving workplace relationships /$cGill Dix and Sarah Oxenbridge.
=260  \\$a[London] :$bAcas,$c2004.
=300  \\$a26 p. ;$c30 cm.
=336  \\$atext$2rdacontent
=337  \\$aunmediated$2rdamedia
=338  \\$avolume$2rdacarrier
=490  1\$aResearch paper ;$v01/04
=504  \\$aIncludes bibliographical references.
=610  10$aGreat Britain.$bAdvisory, Conciliation, and Arbitration Service.
=650  \0$aMediation and conciliation, Industrial$vGreat Britain.
=690  7\$aManagement and Business Studies$2blcoll
=700  1\$aOxenbridge, Sarah.
=710  1\$aGreat Britain.$bAdvisory, Conciliation, and Arbitration Service.$bResearch and Evaluation Section.
=830  \0$aResearch paper (Great Britain. Advisory, Conciliation, and Arbitration Service) ;$v01/04.
=852  11$aBritish Library$bSTI$k(B)$h331.89140941
=852  \\$aBritish Library$bHMNTS
=CAT  \\$a10876$b40$c20070725$lBLL01$h1150
=CAT  \\$a10876$b40$c20070725$lBLL01$h1151
=CAT  \\$a12167$b40$c20070725$lBLL01$h1622
=CAT  \\$a12167$b40$c20070726$lBLL01$h1428
=CAT  \\$aBATCH-UPD$b40$c20070727$lBLL01$h0927
=CAT  \\$a12167$b40$c20070911$lBLL01$h0901
=CAT  \\$a12167$b40$c20071003$lBLL01$h1315
=CAT  \\$aBATCH$b00$c20090625$lBLL01$h1703
=CAT  \\$aBATCH-UPD$b00$c20150503$lBLL01$h2111
=CAT  \\$aWR16_021$c20160617$lBLL01$h1831
=FIN  \\$aY$d20070725
=FMT  \\$a  BK
=LAS  \\$aWR16_021$b00$c20160617$lBLL01$h1831

