=LDR  01789 am a2200481 a 4500
=001  013801476
=003  Uk
=005  20070726141908.0
=008  070725s2003\\\\enka\\\\\b\\\\000\0\eng\\
=015  \\$aGBA758933$2bnb
=016  7\$a013801476$2Uk
=020  \\$cNo price (pbk.)
=040  \\$aUk$beng$cUk
=042  \\$aukblsr
=082  04$a331.04135141$222
=100  10$aCorby, Susan,$d1941-
=245  10$aPublic sector disputes and third party intervention /$cSusan Corby.
=260  \\$a[London] :$bAcas,$c2003.
=300  \\$a51 p. :$bill. ;$c30 cm.
=336  \\$atext$2rdacontent
=337  \\$aunmediated$2rdamedia
=338  \\$avolume$2rdacarrier
=490  1\$aResearch paper ;$v02/03
=504  \\$aIncludes bibliographical references.
=650  \0$aEmployee-management relations in government$zGreat Britain.
=650  \0$aLabor disputes$zGreat Britain.
=650  \0$aMediation and conciliation, Industrial$zGreat Britain.
=690  7\$aManagement and Business Studies$2blcoll
=710  1\$aGreat Britain.$bAdvisory, Conciliation, and Arbitration Service.$bResearch and Evaluation Section.
=830  \0$aResearch paper (Great Britain. Advisory, Conciliation, and Arbitration Service) ;$v02/03.
=852  \\$aBritish Library$bHMNTS
=852  11$aBritish Library$bSTI$k(B)$h331.04135141
=CAT  \\$a10876$b40$c20070725$lBLL01$h1158
=CAT  \\$a10876$b40$c20070725$lBLL01$h1159
=CAT  \\$a12167$b40$c20070726$lBLL01$h1148
=CAT  \\$a12167$b40$c20070726$lBLL01$h1419
=CAT  \\$aBATCH-UPD$b40$c20070727$lBLL01$h0927
=CAT  \\$aBATCH$b00$c20090625$lBLL01$h1703
=CAT  \\$aWR16_021$c20160617$lBLL01$h1831
=CAT  \\$aBATCH-UPD$b00$c20160617$lBLL01$h2140
=FIN  \\$aY$d20070726
=FMT  \\$a  BK
=LAS  \\$aBATCH-UPD$b00$c20160617$lBLL01$h2140

