=LDR  06654cas a2201273 a 4500
=001  013801777
=003  Uk
=005  20230930111323.0
=007  ta
=007  h||||||||||||
=008  040409d19111950ilumr\p\\\\\\\0\\\a0eng\\
=022  0\$a0096-8994$z0099-0698
=040  \\$aUk$cUk
=084  \\$aGW 95$2blsrissc
=130  0\$aAmerican journal of diseases of children (1911)
=210  0\$aAm. j. dis. child.$b(1911)
=222  \0$aAmerican journal of diseases of children$b(1911)
=245  00$aAmerican journal of diseases of children.
=260  \\$aChicago, Ill. :$bAmerican Medical Association,$c-1950.
=300  \\$av. :$bill. ;$c27 cm.
=310  \\$aMonthly
=336  \\$atext$2rdacontent
=337  \\$aunmediated$2rdamedia
=338  \\$avolume$2rdacarrier
=362  1\$aBegan with: Vol. 1, no. 1 (Jan. 1911).
=362  0\$a-v. 80, no. 3 (Sept. 1950).
=510  2\$aChemical abstracts$x0009-2258$b1911-1950
=540  \\$aCurrent Copyright Fee: GBP31.05$c0$5Uk
=650  \0$aPediatrics$vPeriodicals.
=650  \0$aChildren$xDiseases$vPeriodicals.
=710  2\$aAmerican Medical Association.
=785  00$tA.M.A. American journal of diseases of children
=852  71$aBritish Library$bSTI$k(P)$hGW 95$m-E(2)$2blsrissc$3Vol. 1, no. 1 (Jan. 1911)-v. 80, no. 3 (Sept. 1950)
=852  71$aBritish Library$bSTI$k(MP)$hGW 95$m-E(2)$2blsrissc$3Vol. 1, no. 1 (Jan. 1911)-v. 80, no. 3 (Sept. 1950)***Some issues
=852  49$aBritish Library$bDSC$3See shelfmark 0824.300000 for vol. 1, 1911- 80, 1950
=ACF  \\$aPrevious Copyright Fee: GBP25.81$c0$e01-apr-2012$fGBP25.81$g0$hC$5Uk
=ACF  \\$aPrevious Copyright Fee: GBP24.00$c0$e01-jan-2012$fGBP24.00$g0$hC$5Uk
=ACF  \\$aPrevious Copyright Fee: GBP24.00$c0$e01-oct-2011$fGBP24.00$g0$hC$5Uk
=ACF  \\$aPrevious Copyright Fee: GBP24.00$c0$e01-jul-2011$fGBP24.00$g0$hC$5Uk
=ACF  \\$aPrevious Copyright Fee: GBP24.00$c0$e01-apr-2011$fGBP24.00$g0$hC$5Uk
=ACF  \\$aPrevious Copyright Fee: GBP24.00$c0$e01-jan-2011$fGBP24.00$g0$hC$5Uk
=ACF  \\$aPrevious Copyright Fee: GBP24.00$c0$e01-oct-2010$fGBP24.00$g0$hC$5Uk
=ACF  \\$aPrevious Copyright Fee: GBP10.20$c0$e01-jul-2010$fGBP10.20$g0$hC$5Uk
=ACF  \\$aPrevious Copyright Fee: GBP10.20$c0$e01-apr-2010$fGBP10.20$g0$hC$5Uk
=ACF  \\$aPrevious Copyright Fee: GBP10.20$c0$e01-Jan-2010$fGBP10.20$g0$hC$5Uk
=ACF  \\$aPrevious Copyright Fee: GBP10.20$c0$e01-oct-2009$fGBP10.20$g0$hC$5Uk
=ACF  \\$aPrevious Copyright Fee: GBP12.14$c0$e01-jul-2009$fGBP12.14$g0$hC$5Uk
=ACF  \\$aPrevious Copyright Fee: GBP12.14$c0$e01-apr-2009$fGBP12.14$g0$hC$5Uk
=ACF  \\$aPrevious Copyright Fee: GBP10.63$c0$e01-jan-2009$fGBP10.63$g0$hC$5Uk
=ACF  \\$aPrevious Copyright Fee: GBP8.50$c0$e01-oct-2008$fGBP8.50$g0$hC$5Uk
=ACF  \\$aPrevious Copyright Fee: GBP8.50$c0$e01-jul-2008$fGBP8.50$g0$hC$5Uk
=ACF  \\$aPrevious Copyright Fee: GBP8.50$c0$e01-apr-2008$fGBP8.50$g0$hC$5Uk
=ACF  \\$aPrevious Copyright Fee: GBP8.50$c0$e01-jan-2008$fGBP8.50$g0$hC$5Uk
=ACF  \\$aPrevious Copyright Fee: GBP8.50$c0$e01-oct-2007$fGBP8.50$g0$hC$5Uk
=ACF  \\$aPrevious Copyright Fee: GBP24.24$c0$e01-jul-2012$fGBP24.24$g0$hC$5Uk
=ACF  \\$aPrevious Copyright Fee: GBP25.81$c0$e01-oct-2012$fGBP25.81$g0$hC$5Uk
=ACF  \\$aPrevious Copyright Fee: GBP25.00$c0$e01-jan-2013$fGBP25.00$g0$hC$5Uk
=ACF  \\$aPrevious Copyright Fee: GBP25.81$c0$e01-jul-2013$fGBP25.81$g0$hC$5Uk
=ACF  \\$aPrevious Copyright Fee: GBP24.00$c0$e01-oct-2013$fGBP24.00$g0$hC$5Uk
=ACF  \\$aPrevious Copyright Fee: GBP25.00$c0$e01-jan-2014$fGBP25.00$g0$hC$5Uk
=ACF  \\$aPrevious Copyright Fee: GBP24.24$c0$e01-jul-2014$fGBP24.24$g0$hC$5Uk
=ACF  \\$aPrevious Copyright Fee: GBP26.66$c0$e01-apr-2015$fGBP26.66$g0$hC$5Uk
=ACF  \\$aPrevious Copyright Fee: GBP26.67$c0$e01-jul-2015$fGBP26.67$g0$hC$5Uk
=ACF  \\$aPrevious Copyright Fee: GBP25.81$c0$e01-oct-2015$fGBP25.81$g0$hC$5Uk
=ACF  \\$aPrevious Copyright Fee: GBP27.59$c0$e01-apr-2016$fGBP27.59$g0$hC$5Uk
=ACF  \\$aPrevious Copyright Fee: GBP29.63$c0$e01-oct-2016$fGBP29.63$g0$hC$5Uk
=ACF  \\$aPrevious Copyright Fee: GBP32.00$c0$e01-apr-2017$fGBP32.00$g0$hC$5Uk
=ACF  \\$aPrevious Copyright Fee: GBP30.40$c0$e01-oct-2017$fGBP30.40$g0$hC$5Uk
=ACF  \\$aPrevious Copyright Fee: GBP30.77$c0$e01-jan-2018$fGBP30.77$g0$hC$5Uk
=ACF  \\$aPrevious Copyright Fee: GBP28.57$c0$e01-apr-2018$fGBP28.57$g0$hC$5Uk
=ACF  \\$aPrevious Copyright Fee: GBP30.77$c0$e01-oct-2018$fGBP30.77$g0$hC$5Uk
=ACF  \\$aPrevious Copyright Fee: GBP32.00$c0$e01-oct-2019$fGBP32.00$g0$hC$5Uk
=ACF  \\$aPrevious Copyright Fee: GBP30.77$c0$e01-apr-2020$fGBP30.77$g0$hC$5Uk
=ACF  \\$aPrevious Copyright Fee: GBP32.00$c0$e01-jul-2020$fGBP32.00$g0$hC$5Uk
=ACF  \\$aPrevious Copyright Fee: GBP29.78$c0$e01-apr-2021$fGBP29.78$g0$hC$5Uk
=ACF  \\$aPrevious Copyright Fee: GBP28.90$c0$e01-jul-2021$fGBP28.90$g0$hC$5Uk
=ACF  \\$aPrevious Copyright Fee: GBP28.39$c0$e01-oct-2021$fGBP28.39$g0$hC$5Uk
=CAT  \\$a8456$b40$c20070725$lBLL01$h1606
=CAT  \\$aIPL-CLA$c20170331$lBLL01$h1853
=CAT  \\$aBATCH-CLA$b00$c20170831$lBLL01$h1627
=CAT  \\$aIPL-CLA$c20170929$lBLL01$h1738
=CAT  \\$aBATCH-CLA$b00$c20171130$lBLL01$h1705
=CAT  \\$aIPL-CLA$c20171231$lBLL01$h1708
=CAT  \\$aBATCH-CLA$b00$c20180228$lBLL01$h1641
=CAT  \\$aIPL-CLA$c20180331$lBLL01$h1630
=CAT  \\$aBATCH-CLA$b00$c20180831$lBLL01$h1628
=CAT  \\$aIPL-CLA$c20180930$lBLL01$h1506
=CAT  \\$aBATCH-CLA$b00$c20190909$lBLL01$h1715
=CAT  \\$aIPL-CLA$c20190930$lBLL01$h1642
=CAT  \\$aBATCH-CLA$b00$c20200228$lBLL01$h1636
=CAT  \\$aIPL-CLA$c20200331$lBLL01$h1618
=CAT  \\$aBATCH-CLA$b00$c20200529$lBLL01$h1532
=CAT  \\$aIPL-CLA$c20200701$lBLL01$h0100
=CAT  \\$aBATCH-CLA$b00$c20210227$lBLL01$h1009
=CAT  \\$aIPL-CLA$c20210331$lBLL01$h1847
=CAT  \\$aBATCH-CLA$b00$c20210528$lBLL01$h1525
=CAT  \\$aIPL-CLA$c20210704$lBLL01$h1119
=CAT  \\$aBATCH-CLA$b00$c20210917$lBLL01$h1602
=CAT  \\$aIPL-CLA$c20210930$lBLL01$h1651
=CAT  \\$aBATCH-CLA$b00$c20211203$lBLL01$h0814
=CAT  \\$aIPL-CLA$c20211231$lBLL01$h1722
=CAT  \\$aBATCH-CLA$b00$c20230906$lBLL01$h1740
=CAT  \\$aIPL-CLA$c20230930$lBLL01$h1113
=CFI  0\$aCurrent Copyright Fee: GBP31.05$c0$e01-oct-2023$fGBP31.05$g0$hC$5Uk
=CFI  2\$aPrevious Copyright Fee: GBP29.21$c0$e01-jan-2022$fGBP29.21$g0$hC$5Uk
=FIN  \\$aY$d20070725
=FMT  \\$a  SE
=LAS  \\$aIPL-CLA$b00$c20230930$lBLL01$h1113
=TCO  \\$aTRS$bCCC$c008

