=LDR  02125 as a2200529 a 4500
=001  015323435
=003  Uk
=005  20090709143607.0
=007  ta
=008  800827d19641964enkwr\p\\\\\\\0\\\a0eng\d
=010  \\$a83648170
=035  \\$a(OCoLC)ocm06659363
=040  \\$aInLP$cInLP$dDLC$dNST$dOCoLC$dNST$dMH$dOCoLC$dUk
=042  \\$alc
=043  \\$ae-uk---
=050  00$aSB4$b.G3
=082  0\$a635.905$219
=245  00$aGardeners chronicle, gardening illustrated & the greenhouse.
=246  3\$aGardeners chronicle, gardening illustrated and the greenhouse
=246  17$aGardeners chronicle
=260  \\$a[London :$bPurnell and Sons,$c1964]
=300  \\$a1 v. :$bill. ;$c31 cm.
=310  \\$aWeekly
=336  \\$atext$2rdacontent
=337  \\$aunmediated$2rdamedia
=338  \\$avolume$2rdacarrier
=362  0\$aVol. 155, no. 1 (Jan. 4, 1964)-v. 155, no. 7 (Feb. 15, 1964).
=500  \\$aTitle from cover.
=650  \0$aOrnamental horticulture$vPeriodicals.
=650  \0$aHorticulture$vPeriodicals.
=650  \0$aPlants, Ornamental$vPeriodicals.
=650  \0$aOrnamental horticulture$zGreat Britain$vPeriodicals.
=650  \0$aHorticulture$zGreat Britain$vPeriodicals.
=650  \0$aPlants, Ornamental$zGreat Britain$vPeriodicals.
=780  00$tGardeners chronicle & gardening illustrated
=780  05$tGreenhouse
=785  00$tGardeners chronicle (London, England : 1964)$gFeb. 22, 1964
=852  49$aBritish Library$bDSC$3See shelfmark 4071.260000
=852  71$aBritish Library$bSTI$k(P)$hDT 53$m-E(3)$2blsrissc$31964-1976; Vol.155-164; vol.166, no.15 - vol.180, no.14 ; Deficient: vol.167, no.7; vol.168, no.5, 6, 8, 1970
=CAT  \\$a8201$b40$c20090709$lBLL01$h1436
=FIN  \\$aY$d20090709
=FMT  \\$a  SE
=LAS  \\$a8201$b40$c20090709$lBLL01$h1436
=LKR  \\$aPAR$b005456861$lBLL01$r78000$mGardeners chronicle, gardening illustrated & the greenhouse.$nGardeners chronicle & gardening illustrated.
=LKR  \\$aPAR$b012091301$lBLL01$r78500$mGardeners chronicle, gardening illustrated & the greenhouse.$nGardeners chronicle.
=SID  \\$aZ39$bLOC
=TCO  \\$aCLA$bCLA$c008

