=LDR  01681 as a2200409 a 4500
=001  015368748
=003  Uk
=005  20090911150107.0
=007  ta
=008  090911d19701977enkar\p\\\\\\\0\\\a0eng\\
=022  0\$y0068-2500
=040  \\$aUk$beng$cUk
=042  \\$aukblsr
=082  04$a631.3$222
=110  2\$aNational Institute of Agricultural Engineering (Great Britain)
=240  10$aAnnual report (1971)
=245  10$aAnnual report /$cNational Institute of Agricultural Engineering
=260  \\$aSilsoe, Beds. :$bNational Institute of Agricultural Engineering,$c[1971-1977]
=300  \\$a7 v. :$bill. ;$c24 cm.
=336  \\$atext$2rdacontent
=337  \\$aunmediated$2rdamedia
=338  \\$avolume$2rdacarrier
=362  0\$a1970/1971-1967/1977
=610  20$aNational Institute of Agricultural Engineering (Great Britain)$vPeriodicals.
=650  \0$aAgricultural engineering$xResearch$zGreat Britain$vPeriodicals.
=780  00$aNational Institute of Agricultural Engineering (Great Britain)$tReport for the period ...
=785  00$tAnnual report - NIAE$x0143-7658
=852  71$aBritish Library$bSTI$k(P)$hDR 02$m-E(1)$2blsrissc$31943-1985; 1943-1983/85.
=852  49$aBritish Library$bDSC$3See shelfmark 1364.600000 for 1970-1977
=CAT  \\$a8201$b40$c20090911$lBLL01$h1452
=CAT  \\$a8201$b40$c20090911$lBLL01$h1501
=FIN  \\$aY$d20090911
=FMT  \\$a  SE
=LAS  \\$a8201$b40$c20090911$lBLL01$h1501
=LKR  \\$aPAR$b009211258$lBLL01$r78000$mAnnual report /$nReport for the period ... (National Institute of Agricultural Engineering. 1967)
=LKR  \\$aPAR$b010181822$lBLL01$r78500$mAnnual report /$nAnnual report - NIAE
=TCO  \\$aCLA$bCLA$c008

