=LDR  02106 as a2200553 a 4500
=001  015374607
=003  Uk
=005  20090921155425.0
=007  ta
=008  751101d19721988it\qr\p\\\\\\i0\\\a0eng\d
=010  \\$asn 85012441
=022  \\$a0049-8025$20
=030  \\$aWARVAI
=035  \\$a(OCoLC)1773050
=040  \\$aMUL$cMUL$dCOO$dSER$dRCS$dAIP$dNST$dNSD$dNST$dAGL$dNST$dNSD$dCLU$dDLC$dIUL$dOCLCQ$dNLM$dOCLCQ$dNYDWH$dUk
=042  \\$alcd$ansdp
=050  10$aNOT IN LC
=050  14$aSF1$b.W91
=060  00$aW1$bWO849E
=210  0\$aWorld anim. rev.$b(Engl. ed.)
=222  \0$aWorld animal review$b(English ed.)
=245  00$aWorld animal review.
=260  \\$aRome :$bFood and Agriculture Organization of the United Nations
=300  \\$a64 v. :$bill. ;$c28 cm.
=310  \\$aQuarterly
=336  \\$atext$2rdacontent
=337  \\$aunmediated$2rdamedia
=338  \\$avolume$2rdacarrier
=362  0\$ano. 1-65; 1972-88.
=500  \\$aTitle from cover.
=510  2\$aChemical abstracts$x0009-2258$b1972-1983
=550  \\$aPrepared by FAO's Animal Production and Health Division.
=580  \\$aMerged with: Revue mondiale de zootechnie, and: Revista mundial de zootecnia; to form: World animal review (Multilingual ed.).
=650  \0$aAnimal industry$vPeriodicals.
=650  \0$aLivestock$vPeriodicals.
=650  \0$aAnimal products$vPeriodicals.
=710  2\$aFood and Agriculture Organization of the United Nations.
=710  2\$aFood and Agriculture Organization of the United Nations.$bAnimal Production and Health Division.
=785  17$tRevue mondiale de zootechnie$x0252-0176
=785  17$tRevista mundial de zootecnia$x0252-0184
=785  17$tWorld animal review (Multilingual ed.)$x1014-6954
=852  71$aBritish Library$bSTI$k(P)$hEB 00$m-E(24)$2blsrissc$31972- ; No.1-
=852  49$aBritish Library$bDSC$3See shelfmark 9352.912300 for no. 1, 1972- 65, 1988 *A=1
=CAT  \\$a8201$b40$c20090921$lBLL01$h1554
=FIN  \\$aY$d20090921
=FMT  \\$a  SE
=LAS  \\$a8201$b40$c20090921$lBLL01$h1554
=SID  \\$aZ39$bOCLC
=TCO  \\$aITA$bAIDRO / SIAE$c008

