=LDR  01630 as a2200481 a 4500
=001  015376962
=003  Uk
=005  20160422135349.0
=007  ta
=008  090923c200u9999njuar\p\\f\\\\0\\\a0eng\\
=015  \\$aGBA993402$2bnb
=016  \\$a015376962
=040  \\$aUk$beng$cUk$dUk
=042  \\$aukblsr
=082  04$a615.105$222
=245  00$aPDR nurse's drug handbook.
=246  18$aNurse's drug handbook
=246  3\$aPhysicians' Desk Reference nurse's drug handbook
=260  \\$aMontvale, N.J. :$bPhysicians' Desk Reference ;$a[Great Britain] :$bThomson Reuters (Healthcare)
=300  \\$av. :$bcol. ill. ;$c21-22 cm.
=310  \\$aAnnual
=336  \\$atext$2rdacontent
=337  \\$aunmediated$2rdamedia
=338  \\$avolume$2rdacarrier
=500  \\$aDescription based on: 2009 edition.
=588  \\$aLatest issue consulted: 2016 edition.
=650  \0$aPharmacology$vHandbooks, manuals, etc.
=650  \0$aDrugs$vHandbooks, manuals, etc.
=650  \0$aNursing$vHandbooks, manuals, etc.
=852  41$aBritish Library$bSTI$32016
=852  11$aBritish Library$bSTI$k(P)$h615.105$m-E(4)$32002; 2010-2011
=CAT  \\$a10806$b40$c20090923$lBLL01$h1109
=CAT  \\$a10806$b40$c20090923$lBLL01$h1114
=CAT  \\$a10806$b40$c20090923$lBLL01$h1115
=CAT  \\$a10806$b40$c20090924$lBLL01$h1343
=CAT  \\$aWR14_140$c20140905$lBLL01$h1823
=CAT  \\$a11205$b40$c20160422$lBLL01$h1353
=CAT  \\$aWR16_021$c20160625$lBLL01$h1809
=CAT  \\$aBATCH-016$c20160905$lBLL01$h1717
=FIN  \\$aY$d20090924
=FMT  \\$a  SE
=LAS  \\$aBATCH-016$b00$c20160905$lBLL01$h1717
=TCO  \\$aTRS$bCCC$c008

