=LDR  01870cam a2200517 a 4500
=001  015386493
=003  Uk
=005  20220331230650.0
=008  090929s2013\\\\njua\\\\\b\\\\001\0\eng|d
=015  \\$aGBA997933$2bnb
=016  7\$a015386493$2Uk
=020  \\$a9780470170816 (hbk.) :$c£66.50
=020  \\$a0470170816 (hbk.) :$c£66.50
=040  \\$aStDuBDS$beng$cStDuBDS$dUk
=042  \\$aukblcatcopy
=082  04$a572.8636$222
=100  1\$aPeterson, Leif E.,$d1957-
=245  10$aClassification analysis of DNA microarrays /$cLeif E. Peterson.
=260  \\$aHoboken :$bWiley-Blackwell,$c[2013]
=300  \\$axxv, 710 pages :$billustrations ;$c25 cm.
=336  \\$atext$2rdacontent
=337  \\$aunmediated$2rdamedia
=338  \\$avolume$2rdacarrier
=490  0\$aWiley series in bioinformatics: computational techniques and engineering
=500  \\$aFormerly CIP.$5Uk
=504  \\$aIncludes bibliographical references and index.
=540  \\$aCurrent Copyright Fee: GBP32.00$c0$5Uk
=650  \0$aDNA microarrays.
=650  \0$aDNA microarrays$vClassification.
=852  11$aBritish Library$bSTI$k(B)$h572.8636
=852  41$aBritish Library$bDSC
=CAT  \\$aBATCH-CIPN$b00$c20091006$lBLL01$h1701
=CAT  \\$aBATCH$b00$c20091006$lBLL01$h1701
=CAT  \\$aBATCH$b00$c20091006$lBLL01$h1704
=CAT  \\$aBATCH$b00$c20091007$lBLL01$h1033
=CAT  \\$aBATCH$b00$c20091007$lBLL01$h1036
=CAT  \\$a6524$b40$c20130607$lBLL01$h1144
=CAT  \\$a6524$b40$c20130607$lBLL01$h1145
=CAT  \\$a8202$b40$c20130610$lBLL01$h1430
=CAT  \\$aWR16_021$c20160625$lBLL01$h1811
=CAT  \\$aBATCH-CLAB$c20220330$lBLL01$h1658
=CAT  \\$aIPL-CLA$c20220331$lBLL01$h2306
=CFI  0\$aCurrent Copyright Fee: GBP32.00$c0$e01-apr-2022$fGBP32.00$g0$hC$5Uk
=FIN  \\$aY$d20130610
=FMT  \\$a  BK
=LAS  \\$aIPL-CLA$b00$c20220331$lBLL01$h2306

