=LDR  01531cam a2200457 a 4500
=001  015387925
=003  Uk
=005  20100202145504.0
=008  081203s2009\\\\mdub\\\\\bd\\\000\0\eng\\
=010  \\$a  2008052498
=020  \\$a9780810861619 (cloth : alk. paper)
=020  \\$a0810861615 (cloth : alk. paper)
=020  \\$a9780810863033 (ebook)
=020  \\$a0810863030 (ebook)
=035  \\$a(OCoLC)ocn277040941
=040  \\$aDLC$cDLC
=042  \\$aukblsr
=050  00$aBP50$b.A33 2009
=082  00$a297.03$222
=100  1\$aAdamec, Ludwig W.
=245  10$aHistorical dictionary of Islam /$cLudwig W. Adamec.
=250  \\$a2nd ed.
=260  \\$aLanham, Md. :$bScarecrow Press,$c2009.
=300  \\$aliii, 459 p. :$b1 map ;$c23 cm.
=336  \\$atext$2rdacontent
=337  \\$aunmediated$2rdamedia
=338  \\$avolume$2rdacarrier
=490  1\$aHistorical dictionaries of religions, philosophies, and movements ;$vno. 95
=504  \\$aIncludes bibliographical references (p. 349-458).
=650  \0$aIslam$xHistory$vDictionaries.
=830  \0$aHistorical dictionaries of religions, philosophies, and movements ;$vno. 95.
=852  11$aBritish Library$bOC$cSPHOA$kOIB$h297.03
=852  41$aBritish Library$bOC
=CAT  \\$a2717$b40$c20091008$lBLL01$h1731
=CAT  \\$a2407$b40$c20100113$lBLL01$h1125
=CAT  \\$a4039$b40$c20100202$lBLL01$h1455
=CAT  \\$aW2308-1659$c20230923$lBLL01$h1048
=FIN  \\$aY$d20100113
=FMT  \\$a  BK
=LAS  \\$aW2308-1659$b00$c20230923$lBLL01$h1048
=SRC  \\$aBLL02

