=LDR  01549pam a2200457 a 4500
=001  015398162
=003  Uk
=005  20091126143209.0
=008  091015s2009\\\\enka\\\\\b\\\\001\0\eng\d
=015  \\$aGBA9A2835$2bnb
=016  7\$a015398162$2Uk
=020  \\$a9780123750617 (pbk.) :$c£45.99
=020  \\$a012375061X (pbk.) :$c£45.99
=040  \\$aStDuBDS$beng$cStDuBDS$dUk
=042  \\$aukblcatcopy
=082  04$a616.02774$222
=245  00$aEssential stem cell methods /$cedited by Robert Lanza, Irina Klimanskaya.
=260  \\$aLondon :$bAcademic Press,$c2009.
=300  \\$axix, 608 p. :$bill. ;$c23 cm.
=336  \\$atext$2rdacontent
=337  \\$aunmediated$2rdamedia
=338  \\$avolume$2rdacarrier
=490  0\$aReliable lab solutions
=500  \\$aFormerly CIP.$5Uk
=504  \\$aIncludes bibliographical references and index.
=650  \0$aStem cells$xResearch$xMethodology.
=700  1\$aLanza, R. P.$q(Robert Paul),$d1956-
=700  1\$aKlimanskaya, Irina.
=852  11$aBritish Library$bSTI$k(B)$h616.02774
=852  41$aBritish Library$bDSC
=CAT  \\$aBATCH-CIPN$b00$c20091020$lBLL01$h1703
=CAT  \\$aBATCH$b00$c20091020$lBLL01$h1704
=CAT  \\$aBATCH$b00$c20091020$lBLL01$h1708
=CAT  \\$aBATCH$b00$c20091125$lBLL01$h0927
=CAT  \\$aBATCH$b00$c20091125$lBLL01$h0928
=CAT  \\$a6524$b40$c20091125$lBLL01$h0956
=CAT  \\$a6632$b40$c20091126$lBLL01$h1432
=CAT  \\$aWR16_021$c20160625$lBLL01$h1813
=FIN  \\$aY$d20091126
=FMT  \\$a  BK
=LAS  \\$aWR16_021$b00$c20160625$lBLL01$h1813

