=LDR  02021cam a2200565 a 4500
=001  015427310
=003  Uk
=005  20230331170242.0
=008  091216s2012\\\\flua\\\\\b\\\\001\0\eng\\
=010  \\$a2009049465  
=015  \\$aGBA9B3820$2bnb
=016  7\$a015427310$2Uk
=020  \\$a9781439825594 (hbk.) :$c£82.00
=020  \\$a1439825599 (hbk.) :$c£82.00
=040  \\$aStDuBDS$beng$cStDuBDS$dUk
=042  \\$aukblsr
=050  00$aQD96.I5$b.I93 2012
=082  00$a541.22$222
=100  1\$aIvanova, Bojidarka.
=245  10$aLinearly polarized IR spectroscopy :$btheory and applications for structural analysis /$cBojidarka Ivanova, Tsonko Kolev.
=260  \\$aBoca Raton, Fla. :$bCRC ;$aLondon :$bTaylor & Francis [distributor],$cc2012.
=300  \\$axiv, 218 p. :$bill. (some col.) ;$c25 cm.
=336  \\$atext$2rdacontent
=337  \\$aunmediated$2rdamedia
=338  \\$avolume$2rdacarrier
=500  \\$aFormerly CIP.$5Uk
=504  \\$aIncludes bibliographical references and index.
=540  \\$aCurrent Copyright Fee: GBP34.00$c0$5Uk
=650  \0$aInfrared spectroscopy.
=650  \0$aPolarization spectroscopy.
=650  \0$aMaterials$xAnalysis.
=650  \0$aChemical structure.
=700  1\$aKolev, Tsonko.
=852  41$aBritish Library$bDSC
=852  11$aBritish Library$bSTI$k(B)$h535.842
=BUF  \\$aN$d20111130
=CAT  \\$aBATCH-CIPN$b00$c20091124$lBLL01$h1700
=CAT  \\$aBATCH$b00$c20091124$lBLL01$h1701
=CAT  \\$aBATCH$b00$c20091124$lBLL01$h1705
=CAT  \\$aBATCH$b00$c20091202$lBLL01$h1103
=CAT  \\$aBATCH$b00$c20091202$lBLL01$h1107
=CAT  \\$a10812$b40$c20111130$lBLL01$h1111
=CAT  \\$aBATCH-BUOC$b00$c20120210$lBLL01$h0037
=CAT  \\$aWR16_021$c20160625$lBLL01$h1820
=CAT  \\$aBATCH-CLAB$c20230324$lBLL01$h1405
=CAT  \\$aIPL-CLA$c20230331$lBLL01$h1702
=CFI  0\$aCurrent Copyright Fee: GBP34.00$c0$e01-apr-2023$fGBP34.00$g0$hC$5Uk
=FIN  \\$aY$d20111130
=FMT  \\$a  BK
=LAS  \\$aIPL-CLA$b00$c20230331$lBLL01$h1702

