=LDR  01348cam a2200409 a 4500
=001  015445528
=003  Uk
=005  20110321160343.0
=008  030116s2003\\\\th\ab\\\\b\\\\001\0\eng\c
=020  \\$a9748225399
=020  \\$a9789748225395
=035  \\$a(OCoLC)54755716
=040  \\$aCOO$cCOO$dOCLCQ$dYDXCP$dAU@$dUk
=042  \\$apcc
=043  \\$aa-cb---
=050  \4$aNK8878.6.C3$bG74 2003
=082  04$a677.009596$221
=100  1\$aGreen, Gillian$c(Curator)
=245  10$aTraditional textiles of Cambodia :$bcultural threads and material heritage /$cGillian Green.
=260  \\$aBangkok :$bRiver Books,$c2003.
=300  \\$a320 p. :$bill. (chiefly col.), col. maps ;$c29 cm.
=336  \\$atext$2rdacontent
=337  \\$aunmediated$2rdamedia
=338  \\$avolume$2rdacarrier
=504  \\$aIncludes bibliographical references (p. 312-315) and index.
=650  \0$aTextile fabrics$zCambodia.
=650  \0$aTextile design$zCambodia.
=852  41$aBritish Library$bOC
=852  11$aBritish Library$bOC$cSPHOA$kOIJ$h746.095
=CAT  \\$a11522$b40$c20091211$lBLL01$h1815
=CAT  \\$a2407$b40$c20110321$lBLL01$h1603
=CAT  \\$aBATCH-UPD$b40$c20140213$lBLL01$h2117
=CAT  \\$aW2308-1659$c20230923$lBLL01$h1051
=FIN  \\$aY$d20110321
=FMT  \\$a  BK
=LAS  \\$aW2308-1659$b00$c20230923$lBLL01$h1051
=SID  \\$aZ39$bOCLC

