=LDR  02768cam a2200553 i 4500
=001  015461983
=003  Uk
=005  20220331230829.0
=008  091214s2013\\\\xxuaf\\\\b\\\|0|1\0|eng|d
=015  \\$aGBB004163$2bnb
=016  7\$a015461983$2Uk
=020  \\$a9780470390597 (hbk.) :$c£83.50
=020  \\$a047039059X (hbk.) :$c£83.50
=040  \\$aStDuBDS$beng$cStDuBDS$dUk$erda
=042  \\$aukblsr
=082  04$a546.711572$223
=245  00$aNitrene and nitrenium ions /$cedited by Daniel E. Falvey, Anna D. Gudmundsdottir.
=260  \\$aHoboken, New Jersey :$bWiley,$c[2013]
=300  \\$axii, 586 pages, 12 unnumbered pages of plates :$billustrations (black and white, and colour) ;$c24 cm.
=336  \\$atext$2rdacontent
=337  \\$aunmediated$2rdamedia
=338  \\$avolume$2rdacarrier
=490  0\$aWiley series of reactive intermediates in chemistry and biology ;$vvolume six
=500  \\$aFormerly CIP.$5Uk
=504  \\$aIncludes bibliographical references and index.
=520  \\$a"Nitrenes and Nitrenium ions are reactive intermediates with monovalent nitrogen atoms. These intermediates have diverse reactivity and physical properties, depending on their structure and spin state. The leading experts in nitrene chemistry have contributed to this book to highlight how spectroscopy and calculations have been used to characterize various nitrene intermediates. Emphasizes have also been placed on identifying the diverse methods to form these intermediates. Furthermore, the reactivity of nitrenes and nitrenium ions is discussed in details and how the reactivity can be used in various applications"--$cProvided by publisher.
=540  \\$aCurrent Copyright Fee: GBP32.00$c0$5Uk
=650  \0$aNitrenes.
=650  \0$aNitrogen compounds.
=700  1\$aFalvey, Daniel E.,$d1961-$eeditor of compilation.
=700  1\$aGudmundsdottir, Anna D.,$d1962-$eeditor of compilation.
=852  11$aBritish Library$bSTI$k(B)$h546.711572$ivolume six
=852  41$aBritish Library$bDSC
=CAT  \\$aBATCH-CIPN$b00$c20100112$lBLL01$h1700
=CAT  \\$aBATCH$b00$c20100112$lBLL01$h1701
=CAT  \\$aBATCH$b00$c20100112$lBLL01$h1705
=CAT  \\$aBATCH$b00$c20100331$lBLL01$h0944
=CAT  \\$aBATCH$b00$c20100331$lBLL01$h0945
=CAT  \\$a10876$b40$c20130709$lBLL01$h0741
=CAT  \\$a11250$b40$c20130710$lBLL01$h1212
=CAT  \\$a11250$b40$c20130710$lBLL01$h1309
=CAT  \\$aWR16_021$c20160625$lBLL01$h1826
=CAT  \\$aBATCH-UPD$b00$c20160625$lBLL01$h2203
=CAT  \\$aBATCH-CLAB$c20220330$lBLL01$h1633
=CAT  \\$aIPL-CLA$c20220331$lBLL01$h2308
=CFI  0\$aCurrent Copyright Fee: GBP32.00$c0$e01-apr-2022$fGBP32.00$g0$hC$5Uk
=FIN  \\$aY$d20130710
=FMT  \\$a  BK
=LAS  \\$aIPL-CLA$b00$c20220331$lBLL01$h2308

