=LDR  03479 as a2200781 a 4500
=001  015466886
=003  Uk
=005  20100119094708.0
=007  ta
=008  751209d19681981mnu\x1m\\\\\\f0\\\a0eng\c
=010  \\$a70649833$zsn 86000046
=022  0\$a0886-3873
=035  \\$a(OCoLC)ocm01883529
=040  \\$aU.S. National Agricultural Library$cDI$dDI$dNIC$dMnMULS$dDGPO$dMH$dDGPO$dMH$dDGPO$dMH$dAIP$dNSDP$dDLC$dN<$dDLC$dWaU$dMiU$dOCoLC$dOCoLC
=042  \\$alc$ansdp
=050  00$aSD11$b.A45476
=074  \\$a83-B
=082  \\$a634.9/08
=086  0\$aA 13.78:NC-
=210  0\$aU.S.D.A. For. Serv. res. pap. NC
=222  \0$aU.S.D.A. Forest Service research paper NC
=245  00$aU.S.D.A. Forest Service research paper NC.
=246  3\$aUnited States Department of Agriculture Forest Service research paper North Central
=246  30$aUSDA Forest Service research paper NC
=246  30$aResearch paper NC
=260  \\$a[St. Paul, Minn.] :$bNorth Central Forest Experiment Station, U.S. Dept. of Agriculture, Forest Service,$c1968-
=300  \\$av. :$bill. ;$c27 cm.
=310  \\$aIrregular
=336  \\$atext$2rdacontent
=337  \\$aunmediated$2rdamedia
=338  \\$avolume$2rdacarrier
=362  0\$a26-
=362  1\$aCeased with 201 in 1981.
=540  \\$aBritish Library not licensed to copy$c0$5Uk
=590  \\$aSERBIB/SERLOC merged record
=650  \0$aForests and forestry$zMiddle West.
=650  \0$aForests and forestry$xResearch$zMiddle West.
=710  2\$aNorth Central Forest Experiment Station (Saint Paul, Minn.)
=780  00$aNorth Central Forest Experiment Station (Saint Paul, Minn.).$tU.S. Forest Service research paper NC$x0565-8721
=785  00$tResearch paper NC$x0888-9686
=852  49$aBritish Library$bDSC$3See shelfmark 9098.765000 for issue 26 (1968)-issue 634 (2007)
=852  71$aBritish Library$bSTI$k(P)$hDG 00$m-E(69)$2blsrissc$31967- ; NC-15, etc. ; Selected issues only
=ACF  \\$aBritish Library not licensed to copy$c0$e01-jan-2013$hC$iCFP Excluded$5Uk
=ACF  \\$aBritish Library not licensed to copy$c0$e01-jul-2013$hC$iCFP Excluded$5Uk
=ACF  \\$aBritish Library not licensed to copy$c0$e01-oct-2013$hC$iCFP Excluded$5Uk
=ACF  \\$aBritish Library not licensed to copy$c0$e01-jan-2014$hC$iCFP Excluded$5Uk
=CAT  \\$a8201$b40$c20100119$lBLL01$h0947
=CAT  \\$aBATCH-CLA$b00$c20121130$lBLL01$h1239
=CAT  \\$aIPL-CLA$c20121231$lBLL01$h1328
=CAT  \\$aIPL-CLA$c20130102$lBLL01$h1801
=CAT  \\$aBATCH-CLA$b00$c20130531$lBLL01$h1648
=CAT  \\$aIPL-CLA$c20130701$lBLL01$h0134
=CAT  \\$aBATCH-CLA$b00$c20130830$lBLL01$h1627
=CAT  \\$aIPL-CLA$c20130930$lBLL01$h1806
=CAT  \\$aBATCH-CLA$b00$c20131129$lBLL01$h1655
=CAT  \\$aIPL-CLA$c20140101$lBLL01$h0126
=CAT  \\$aBATCH-CLA$b00$c20140228$lBLL01$h1615
=CAT  \\$aIPL-CLA$c20140331$lBLL01$h1637
=CAT  \\$aBATCH-CLA$b00$c20140530$lBLL01$h1711
=CAT  \\$aIPL-CLA$c20140630$lBLL01$h1747
=CFI  0\$aBritish Library not licensed to copy$c0$e01-jul-2014$hC$iCFP Excluded$5Uk
=CFI  2\$aBritish Library not licensed to copy$c0$e01-apr-2014$hC$iCFP Excluded$5Uk
=FIN  \\$aY$d20100119
=FMT  \\$a  SE
=LAS  \\$aIPL-CLA$b00$c20140630$lBLL01$h1747
=LKR  \\$aPAR$b011147921$lBLL01$r78500$mU.S.D.A. Forest Service research paper NC$nUNITED STATES DEPARTMENT OF AGRICULTURE FOREST SERVICE RESEARCH PAPER NC.
=SID  \\$aZ39$bLOC
=TCO  \\$aTRS$bCCC$c008

