=LDR  02377cam a2200685 a 4500
=001  015478716
=003  Uk
=005  20220331230850.0
=008  100126s2012\\\\njua\\\\\b\\\\001\0\eng\d
=015  \\$aGBB011757$2bnb
=016  7\$a015478716$2Uk
=020  \\$a9780470388457 (hbk.) :$c£90.50
=020  \\$a0470388455 (hbk.) :$c£90.50
=020  \\$z9781118120088 (eISBN)
=020  \\$z9781118120101 (ePub)
=020  \\$z9781118120118 (oISBN)
=020  \\$z9781118120095 (MOBI)
=035  \\$a(UkOxU)019210437
=035  \\$a(Uk)015478716
=035  \\$a(StEdALDL)1/2311806
=040  \\$aStDuBDS$beng$cStDuBDS$dUk$dUkOxU
=042  \\$aukscp
=082  04$a572.577$222
=245  00$aTransmembrane dynamics of lipids /$cedited by Phililp Devaux, Andreas Herrmann.
=260  \\$aHoboken, NJ. :$bWiley,$cc2012.
=300  \\$axxv, 414 p. :$bill. ;$c24 cm.
=336  \\$atext$2rdacontent
=337  \\$aunmediated$2rdamedia
=338  \\$avolume$2rdacarrier
=490  1\$aWiley series in protein and peptide science
=504  \\$aIncludes bibliographical references and index.
=540  \\$aCurrent Copyright Fee: GBP32.00$c0$5Uk
=650  \0$aMembrane lipids.
=650  \0$aCell membranes.
=650  \0$aBiological transport.
=700  1\$aDevaux, Philippe F.
=700  1\$aHerrmann, Andreas.
=830  \0$aWiley series in protein and peptide science.
=852  11$aBritish Library$bSTI$k(B)$h572.577
=852  41$aBritish Library$bDSC
=916  \\$a700=NEW
=985  \\$aLDL record matched & merged
=BUF  \\$aY$d20111213
=CAT  \\$aBATCH-CIPN$b00$c20100202$lBLL01$h1700
=CAT  \\$aBATCH$b00$c20100202$lBLL01$h1701
=CAT  \\$aBATCH$b00$c20100202$lBLL01$h1705
=CAT  \\$a11249$b40$c20100203$lBLL01$h1613
=CAT  \\$aBATCH$b00$c20100310$lBLL01$h1123
=CAT  \\$aBATCH$b00$c20100310$lBLL01$h1124
=CAT  \\$a10812$b40$c20111213$lBLL01$h1054
=CAT  \\$aBATCH-LDLE$b00$c20120116$lBLL01$h2103
=CAT  \\$aBATCH-LDLL$b00$c20120116$lBLL01$h2104
=CAT  \\$aBATCH-LDL4$b00$c20120116$lBLL01$h2104
=CAT  \\$aWR16_021$c20160626$lBLL01$h1804
=CAT  \\$aBATCH-CLAB$c20220330$lBLL01$h1710
=CAT  \\$aIPL-CLA$c20220331$lBLL01$h2308
=CFI  0\$aCurrent Copyright Fee: GBP32.00$c0$e01-apr-2022$fGBP32.00$g0$hC$5Uk
=FIN  \\$aY$d20111213
=FMT  \\$a  BK
=LAS  \\$aIPL-CLA$b00$c20220331$lBLL01$h2308

