=LDR  01677pam a2200493 a 4500
=001  015494813
=003  Uk
=005  20111020115210.0
=008  100216s2011\\\\njua\\\\\\\\\\001\0\eng\d
=015  \\$aGBB031155$2bnb
=016  7\$a015494813$2Uk
=020  \\$a9781603278591 (hbk.) :$cNo price
=020  \\$a1603278591 (hbk.) :$cNo price
=020  \\$z9781603278607 (ebk.)
=040  \\$aStDuBDS$beng$cStDuBDS$dUk
=042  \\$aukblcatcopy
=082  04$a616.80479$222
=245  00$aClinical neuroimmunology :$bmultiple sclerosis and related disorders /$cedited by Patricia K. Coyle, Syed Rizvi.
=260  \\$aTotowa, N.J. :$bHumana ;$aLondon :$bSpringer [distributor],$c2011.
=300  \\$axiv, 404 p. :$bill, ;$c24 cm.
=336  \\$atext$2rdacontent
=337  \\$aunmediated$2rdamedia
=338  \\$avolume$2rdacarrier
=490  0\$aCurrent clinical neurology
=500  \\$aIncludes index.
=500  \\$aFormerly CIP.$5Uk
=650  \0$aNeuroimmunology.
=650  \0$aMultiple sclerosis$xImmunological aspects.
=700  1\$aCoyle, Patricia K.
=700  1\$aRizvi, Syed.
=852  41$aBritish Library$bDSC
=852  11$aBritish Library$bSTI$k(B)$h616.80479
=916  \\$a700/1=NEW
=CAT  \\$aBATCH-CIPN$b00$c20100223$lBLL01$h1701
=CAT  \\$aBATCH$b00$c20100223$lBLL01$h1701
=CAT  \\$aBATCH$b00$c20100223$lBLL01$h1705
=CAT  \\$aBATCH$b00$c20100331$lBLL01$h0944
=CAT  \\$aBATCH$b00$c20100331$lBLL01$h0945
=CAT  \\$a6923$b40$c20111019$lBLL01$h0926
=CAT  \\$a6605$b40$c20111020$lBLL01$h1152
=CAT  \\$aWR16_021$c20160626$lBLL01$h1807
=FIN  \\$aY$d20111020
=FMT  \\$a  BK
=LAS  \\$aWR16_021$b00$c20160626$lBLL01$h1807

