=LDR  02734cam a2200601 a 4500
=001  015499539
=003  Uk
=005  20220331230914.0
=008  110309s2011\\\\njua\\\\\b\\\\001\0\eng\\
=010  \\$a2011010605  
=015  \\$aGBB033266$2bnb
=016  7\$a015499539$2Uk
=020  \\$a9780470230534 (hbk.) :$c£100.00
=020  \\$a0470230533 (hbk.) :$c£100.00
=020  \\$z9781118095300 (oBook)
=020  \\$z9781118095270 (ePDF)
=020  \\$z9781118095294 (ePub)
=040  \\$aStDuBDS$beng$cStDuBDS$dUk
=042  \\$aukblsr
=050  00$aQD708.2$b.S87 2011
=082  00$a541.226$222
=245  00$aSupramolecular photochemistry :$bcontrolling photochemical processes /$cedited by V. Ramamurthy, Yoshihisa Inoue.
=260  \\$aHoboken, N.J. :$bWiley-Blackwell,$cc2011.
=300  \\$axii, 623 p. :$bill. ;$c25 cm.
=336  \\$atext$2rdacontent
=337  \\$aunmediated$2rdamedia
=338  \\$avolume$2rdacarrier
=500  \\$aFormerly CIP.$5Uk
=504  \\$aIncludes bibliographical references and index.
=520  \\$a"This is the most updated, comprehensive collection of monographs on all aspects of photochemistry and photophysics related to natural and synthetic, inorganic, organic, and biological supramolecular systems. Supramolecular Photochemistry: Controlling Photochemical Processes addresses reactions in crystals, organized assemblies, monolayers, zeolites, clays, silica, micelles, polymers, dendrimers, organic hosts, supramolecular structures, organic glass, proteins and DNA, and applications of photosystems in confined media. This landmark publication describes the past, present, and future of this growing interdisciplinary area."--Provided by publisher.
=540  \\$aCurrent Copyright Fee: GBP32.00$c0$5Uk
=650  \0$aPhotochemistry.
=650  \0$aSupramolecular chemistry.
=700  1\$aRamamurthy, V.,$d1946-
=700  1\$aInoue, Yoshihisa,$d1949-
=852  41$aBritish Library$bDSC
=852  11$aBritish Library$bSTI$k(B)$h541.35
=BUF  \\$aN$d20111013
=CAT  \\$aBATCH-CIPN$b00$c20100302$lBLL01$h1700
=CAT  \\$aBATCH$b00$c20100302$lBLL01$h1701
=CAT  \\$aBATCH$b00$c20100302$lBLL01$h1704
=CAT  \\$aBATCH$b00$c20100331$lBLL01$h0944
=CAT  \\$aBATCH$b00$c20100331$lBLL01$h0945
=CAT  \\$a12324$b40$c20111013$lBLL01$h1106
=CAT  \\$aBATCH-BUOC$b00$c20111230$lBLL01$h0024
=CAT  \\$a5100$b40$c20121018$lBLL01$h1241
=CAT  \\$aWR16_021$c20160626$lBLL01$h1807
=CAT  \\$aBATCH-CLAB$c20220330$lBLL01$h1715
=CAT  \\$aIPL-CLA$c20220331$lBLL01$h2309
=CFI  0\$aCurrent Copyright Fee: GBP32.00$c0$e01-apr-2022$fGBP32.00$g0$hC$5Uk
=FIN  \\$aY$d20111013
=FMT  \\$a  BK
=LAS  \\$aIPL-CLA$b00$c20220331$lBLL01$h2309

