=LDR  05489cam a2200601 a 4500
=001  015500068
=003  Uk
=005  20230331170320.0
=008  110629s2012\\\\flua\\\\\b\\\\001\0\eng\\
=010  \\$a2011027660  
=015  \\$aGBB033795$2bnb
=016  7\$a015500068$2Uk
=020  \\$a9781439807514 (hbk.) :$c£76.99
=020  \\$a1439807515 (hbk.) :$c£76.99
=040  \\$aStDuBDS$beng$cStDuBDS$dUk
=042  \\$aukblsr
=050  00$aQH588.S83$bS73884 2012
=082  00$a616.02774$223
=245  00$aStem cell labeling for delivery and tracking using noninvasive imaging /$cedited by Dara L. Kraitchman, Joseph C. Wu.
=260  \\$aBoca Raton, Fla. :$bCRC,$cc2012.
=300  \\$axxi, 451 p. :$bill. (some col.) ;$c24 cm.
=336  \\$atext$2rdacontent
=337  \\$aunmediated$2rdamedia
=338  \\$avolume$2rdacarrier
=490  1\$aSeries in medical physics and biomedical engineering
=500  \\$aFormerly CIP.$5Uk
=504  \\$aIncludes bibliographical references and index.
=505  0\$aHuman embryonic stem cells / Richard P. Davis, Edouard G. Stanley, and Christine L. Mummery -- Stem cell basics : mesenchymal stem cells from bone marrow / Mark F. Pittenger -- Hematopoietic stem cells / David C. Weksberg ... [et al.] -- Adipose-derived adult stem cells / Deepak M. Gupta, Nicholas J. Panetta, and Michael T. Longaker -- Umbilical cord stem cells / Suzanne Kadereit -- Induced pluripotent stem cells : imaging nuclear reprogramming to cardiac regeneration / Timothy J. Nelson ... [et al.] -- Radionuclide approaches to imaging stem cells and their biological effects on the myocardium / Fiona See and Lynne L. Johnson -- Fluorescence imaging of stem cells in vivo : evolving technologies and applications / David E. Sosnovik -- Ultrasound imaging basics / Howard Leong-Poi -- MRI basics and principles for cellular imaging / Lisa M. Gazdzinski ... [et al.] -- X-ray imaging basics / Jochen Cammin and Katsuyuki Taguchi -- Radionuclide cell-labeling methods / Rong Zhou and Hui Qiao -- Principles of bioluminescence imaging and its application in vivo / Maarten A. Lijkwan, Ernst Jan Bos, and Joseph C. Wu --
=505  0\$aQuantum dot labeling methods / A.B.R. Kontorovich ... [et al.] -- Magnetic resonance imaging cell labeling methods / Ali S. Arbab and Joseph A. Frank -- Ultrasound cell-labeling methods / Flordeliza S. Villanueva -- X-ray-guided delivery and tracking of cells / Jeff W.M. Bulte and Aravind Arepally -- Toward imaging of structure and function / Jason M. Criscione, Albert J. Sinusas, and Tarek M. Fahmy -- Other non-stem cell therapies for cellular tracking, inflammatory cell tracking / Yijen L. Wu ... [et al.] -- Bioluminescence, MRI, and PET imaging modalities of stem cell-based therapy for neurological disorders / Marcel M. Daadi, Raphael Guzman, and Gary K. Steinberg -- Clinical application of noninvasive molecular imaging in cancer cell therapy : the first reporter gene-based imaging clinical trial / Shahriar S. Yaghoubi and Sanjiv S. Gambhir -- Clinical cardiology stem cell applications / Anthony J. White ... [et al.] -- Musculoskeletal clinical applications of stem cells -- Regulatory hurdles to translation / Adrian D. Nunn.
=520  \\$a"Stem Cell Labeling for Delivery and Tracking Using Noninvasive Imaging provides a comprehensive overview of cell therapy imaging, ranging from the basic biology of cell therapeutic choices to the preclinical and clinical applications of cell therapy. It emphasizes the use of medical imaging for therapeutic delivery/targeting, cell tracking, and determining therapeutic efficacy. The book first presents background information and insight on the major classes of stem and progenitor cells. It then describes the main imaging modalities and state-of-the-art techniques that are currently employed for stem cell tracking. In the final chapters, leading scholars offer clinical perspectives on existing and potential uses of stem cells as well as the impact of image-guided delivery and tracking in major organ systems. Through clear descriptions and color images, this volume illustrates how noninvasive imaging is used to track stem cells as they repair damaged tissue in the body. With contributions from some of the most prominent preclinical and clinical researchers in the field, the book helps readers to understand the evolving concepts of stem cell labeling and tracking as the field continues to move forward"--Provided by publisher.
=540  \\$aCurrent Copyright Fee: GBP34.00$c0$5Uk
=650  \0$aStem cells.
=650  \0$aMolecular probes.
=650  \0$aRadioisotope scanning.
=700  1\$aKraitchman, Dara L.
=700  1\$aWu, Joseph Ching-Ming,$d1971-
=830  \0$aSeries in medical physics and biomedical engineering.
=852  11$aBritish Library$bSTI$k(B)$h615.89
=852  41$aBritish Library$bDSC
=BUF  \\$aN$d20111124
=CAT  \\$aBATCH-CIPN$b00$c20100302$lBLL01$h1700
=CAT  \\$aBATCH$b00$c20100302$lBLL01$h1701
=CAT  \\$aBATCH$b00$c20100302$lBLL01$h1704
=CAT  \\$aBATCH$b00$c20100728$lBLL01$h0853
=CAT  \\$a6923$b40$c20111124$lBLL01$h1342
=CAT  \\$aBATCH-BUOC$b00$c20120113$lBLL01$h0020
=CAT  \\$aWR16_021$c20160626$lBLL01$h1808
=CAT  \\$aBATCH-CLAB$c20230324$lBLL01$h1402
=CAT  \\$aIPL-CLA$c20230331$lBLL01$h1703
=CFI  0\$aCurrent Copyright Fee: GBP34.00$c0$e01-apr-2023$fGBP34.00$g0$hC$5Uk
=FIN  \\$aY$d20111124
=FMT  \\$a  BK
=LAS  \\$aIPL-CLA$b00$c20230331$lBLL01$h1703

