=LDR  03067 as a2200625 a 4500
=001  015501252
=003  Uk
=005  20100303094050.0
=007  ta
=008  750727d19481980sz\tr\p\\\\\\\0\\\b0fre\c
=010  \\$a50015123
=022  0\$a0003-9705$l0003-9705$20
=030  \\$aASGVAH
=035  \\$a(OCoLC)ocm01482084
=040  \\$aMnMULS$cMnMULS$dNIC$dFGULS$dNSDP$dCtY$dMH$dDLC$dOCoLC$dAIP$dDLC$dICRL$dNST$dDLC$dMCM$dMH$dDNLM$dOCoLC$dUk
=042  \\$ansdp$apcc
=050  00$aQ2$b.A773
=082  04$a505$222
=210  0\$aArch. sci.
=222  \0$aArchives des sciences
=245  00$aArchives des sciences /$céditées par la Société de physique et d'histoire naturelle de Genève.
=260  \\$aGenève :$bLibr. Georg.,$c1948-1980.
=300  \\$av. :$bill. ;$c23 cm.
=310  \\$aThree times a year
=336  \\$atext$2rdacontent
=337  \\$aunmediated$2rdamedia
=338  \\$avolume$2rdacarrier
=362  0\$aVol. 1, fasc. 1er-v. 33, fasc. 2-3 (juil.-déc. 1980).
=500  \\$aImprint varies.
=510  2\$aChemical abstracts$x0009-2258
=515  \\$aLater issues also carry chronological designation.
=520  \\$aWith v. 12 was issued and bound a special no.: Maxwell-Ampère conference, 8e Colloque Ampère, Londres, 1er-2-3 avril.
=525  \\$aWith v. 12 was issued a special no.: Maxwell-Ampère conference, 8e Colloque Ampère, Londres, 1er-2-3 avril.
=555  \\$aVols. 1 (1948)-15 (1962), in v. 15.
=580  \\$aSupplemented by: Compte rendu des séances de la Société de physique et d'histoire naturelle de Genève (1966), 1966-1980.
=580  \\$aMerged with: Compte rendu des séances de la Société de physique et d'histoire naturelle de Genève (1966), to form: Archives des sciences et compte rendu des séances de la Société.
=650  \0$aScience$vPeriodicals.
=650  \0$aNatural history$vPeriodicals.
=710  2\$aSociété de physique et d'histoire naturelle de Genève.
=770  1\$tCompte rendu des séances de la Société de physique et d'histoire naturelle de Genève (1966)
=780  00$tArchives des sciences physiques et naturelles$x0365-7116
=780  05$tCompte rendu des séances de la Société de physique et d'histoire naturelle de Genève$x0583-8401
=785  17$tCompte rendu des séances de la Société de physique et d'histoire naturelle de Genève (1966)
=785  17$tArchives des sciences et compte rendu des séances de la Société$x0252-9289
=852  49$aBritish Library$bDSC$3See shelfmark 1642.000000 for vol. 1 (1948)-
=852  71$aBritish Library$bSTI$k(P)$hBX 80$m-F(58)$2blsrissc$31948- ; Vol.1-
=CAT  \\$a8201$b40$c20100303$lBLL01$h0938
=CAT  \\$a8201$b40$c20100303$lBLL01$h0940
=CAT  \\$aBATCH-UPD$b40$c20180803$lBLL01$h1331
=FIN  \\$aY$d20100303
=FMT  \\$a  SE
=LAS  \\$aBATCH-UPD$b40$c20180803$lBLL01$h1331
=LKR  \\$aPAR$b010465087$lBLL01$r78000$mArchives des sciences$nArchives des sciences physiques et naturelles
=SID  \\$aZ39$bLOC
=TCO  \\$aCHE$bPRO LITTERIS$c008

