=LDR  05425cas a2201129 a 4500
=001  015509230
=003  Uk
=005  20211231172950.0
=008  780719d19781987paumr\p\\\\\\\0\\\a0eng\\
=019  0\$as106625047
=022  0\$a0163-9234
=040  \\$aUk$cUk
=082  04$a686.2$221
=084  \\$aMB 98$2blsrissc
=210  0\$aPackage print.
=222  \0$aPackage printing
=245  00$aPackage printing.
=260  \\$a[Philadelphia,$bNorth American Pub. Co.]
=300  \\$av. :$bill. ;$c28 cm.
=310  \\$aMonthly
=336  \\$atext$2rdacontent
=337  \\$aunmediated$2rdamedia
=338  \\$avolume$2rdacarrier
=362  0\$av. 25, no. 3- Mar. 1978-
=362  1\$aCeased in 1987.
=500  \\$a"Diemaking and diecutting, flexography, gravure and offset."
=540  \\$aCurrent Copyright Fee: GBP2.92$c0$5Uk
=650  \0$aPackage printing$vPeriodicals.
=650  \0$aTool and die industry$vPeriodicals.
=780  00$tPackage printing and diecutting$x0098-7778
=785  00$tPackage printing and converting$x0895-1608
=852  71$aBritish Library$bSTI$k(P)$hMB 98$m-E(1)$2blsrissc$3Vol. 25, no. 3 (1978)-vol. 34, no. 6 (1987). ; Deficient: vol.27, no.4-12, 1980 ; vol.31, 1984 ; vol.33, nos.1 & 2, 1986
=852  49$aBritish Library$bDSC$3See shelfmark 6331.978000 for vol. 25(4), 1978- 34(6), 1987
=985  \\$aRecord enhanced by DQ team
=ACF  \\$aPrevious Copyright Fee: GBP7.10$c0$e01-apr-2012$fGBP7.10$g0$hC$5Uk
=ACF  \\$aPrevious Copyright Fee: GBP6.60$c0$e01-jan-2012$fGBP6.60$g0$hC$5Uk
=ACF  \\$aPrevious Copyright Fee: GBP6.60$c0$e01-oct-2011$fGBP6.60$g0$hC$5Uk
=ACF  \\$aPrevious Copyright Fee: GBP6.60$c0$e01-jul-2011$fGBP6.60$g0$hC$5Uk
=ACF  \\$aPrevious Copyright Fee: GBP6.60$c0$e01-jan-2011$fGBP6.60$g0$hC$5Uk
=ACF  \\$aPrevious Copyright Fee: GBP6.60$c0$e01-oct-2010$fGBP6.60$g0$hC$5Uk
=ACF  \\$aPrevious Copyright Fee: GBP6.60$c0$e01-jul-2010$fGBP6.60$g0$hC$5Uk
=ACF  \\$aPrevious Copyright Fee: GBP6.67$c0$e01-jul-2012$fGBP6.67$g0$hC$5Uk
=ACF  \\$aPrevious Copyright Fee: GBP7.10$c0$e01-oct-2012$fGBP7.10$g0$hC$5Uk
=ACF  \\$aPrevious Copyright Fee: GBP6.88$c0$e01-jan-2013$fGBP6.88$g0$hC$5Uk
=ACF  \\$aPrevious Copyright Fee: GBP7.10$c0$e01-jul-2013$fGBP7.10$g0$hC$5Uk
=ACF  \\$aPrevious Copyright Fee: GBP6.60$c0$e01-oct-2013$fGBP6.60$g0$hC$5Uk
=ACF  \\$aPrevious Copyright Fee: GBP2.50$c0$e01-jan-2014$fGBP2.50$g0$hC$5Uk
=ACF  \\$aPrevious Copyright Fee: GBP2.42$c0$e01-jul-2014$fGBP2.42$g0$hC$5Uk
=ACF  \\$aPrevious Copyright Fee: GBP2.67$c0$e01-apr-2015$fGBP2.67$g0$hC$5Uk
=ACF  \\$aPrevious Copyright Fee: GBP2.58$c0$e01-oct-2015$fGBP2.58$g0$hC$5Uk
=ACF  \\$aPrevious Copyright Fee: GBP2.76$c0$e01-apr-2016$fGBP2.76$g0$hC$5Uk
=ACF  \\$aPrevious Copyright Fee: GBP2.96$c0$e01-oct-2016$fGBP2.96$g0$hC$5Uk
=ACF  \\$aPrevious Copyright Fee: GBP3.20$c0$e01-apr-2017$fGBP3.20$g0$hC$5Uk
=ACF  \\$aPrevious Copyright Fee: GBP3.04$c0$e01-oct-2017$fGBP3.04$g0$hC$5Uk
=ACF  \\$aPrevious Copyright Fee: GBP3.08$c0$e01-jan-2018$fGBP3.08$g0$hC$5Uk
=ACF  \\$aPrevious Copyright Fee: GBP2.86$c0$e01-apr-2018$fGBP2.86$g0$hC$5Uk
=ACF  \\$aPrevious Copyright Fee: GBP3.08$c0$e01-oct-2018$fGBP3.08$g0$hC$5Uk
=ACF  \\$aPrevious Copyright Fee: GBP3.20$c0$e01-oct-2019$fGBP3.20$g0$hC$5Uk
=ACF  \\$aPrevious Copyright Fee: GBP3.08$c0$e01-apr-2020$fGBP3.08$g0$hC$5Uk
=ACF  \\$aPrevious Copyright Fee: GBP3.20$c0$e01-jul-2020$fGBP3.20$g0$hC$5Uk
=ACF  \\$aPrevious Copyright Fee: GBP2.98$c0$e01-apr-2021$fGBP2.98$g0$hC$5Uk
=ACF  \\$aPrevious Copyright Fee: GBP2.89$c0$e01-jul-2021$fGBP2.89$g0$hC$5Uk
=CAT  \\$a8456$b40$c20100315$lBLL01$h1343
=CAT  \\$aIPL-CLA$c20160930$lBLL01$h1628
=CAT  \\$aBATCH-CLA$b00$c20170228$lBLL01$h1629
=CAT  \\$aIPL-CLA$c20170331$lBLL01$h1905
=CAT  \\$aBATCH-CLA$b00$c20170831$lBLL01$h1627
=CAT  \\$aIPL-CLA$c20170929$lBLL01$h1752
=CAT  \\$aBATCH-CLA$b00$c20171130$lBLL01$h1705
=CAT  \\$aIPL-CLA$c20171231$lBLL01$h1759
=CAT  \\$aBATCH-CLA$b00$c20180228$lBLL01$h1641
=CAT  \\$aIPL-CLA$c20180331$lBLL01$h1647
=CAT  \\$aBATCH-CLA$b00$c20180831$lBLL01$h1627
=CAT  \\$aIPL-CLA$c20180930$lBLL01$h1511
=CAT  \\$aBATCH-CLA$b00$c20190909$lBLL01$h1717
=CAT  \\$aIPL-CLA$c20190930$lBLL01$h1648
=CAT  \\$aBATCH-CLA$b00$c20200228$lBLL01$h1637
=CAT  \\$aIPL-CLA$c20200331$lBLL01$h1625
=CAT  \\$aBATCH-CLA$b00$c20200529$lBLL01$h1536
=CAT  \\$aIPL-CLA$c20200701$lBLL01$h0108
=CAT  \\$aBATCH-CLA$b00$c20210227$lBLL01$h1015
=CAT  \\$aIPL-CLA$c20210331$lBLL01$h1855
=CAT  \\$aBATCH-CLA$b00$c20210528$lBLL01$h1528
=CAT  \\$aIPL-CLA$c20210704$lBLL01$h1122
=CAT  \\$aBATCH-CLA$b00$c20210917$lBLL01$h1606
=CAT  \\$aIPL-CLA$c20210930$lBLL01$h1655
=CAT  \\$aBATCH-CLA$b00$c20211203$lBLL01$h0819
=CAT  \\$aIPL-CLA$c20211231$lBLL01$h1729
=CFI  0\$aCurrent Copyright Fee: GBP2.92$c0$e01-jan-2022$fGBP2.92$g0$hC$5Uk
=CFI  2\$aPrevious Copyright Fee: GBP2.84$c0$e01-oct-2021$fGBP2.84$g0$hC$5Uk
=FIN  \\$aY
=FMT  \\$a  SE
=LAS  \\$aIPL-CLA$b00$c20211231$lBLL01$h1729
=LEO  \\$aMP25.0000021587
=LKR  \\$aPAR$b007187248$lBLL01$r78000$mPackage printing$nPackage printing and diecutting
=SRC  \\$aSRI01$bbibmp25.200404.2.aa
=TCO  \\$aTRS$bCCC$c008

