=LDR  03048cam a2200589 a 4500
=001  015516145
=003  Uk
=005  20230331170333.0
=008  120206s2012\\\\flua\\\\\b\\\\001\0\eng\\
=010  \\$a2012000294  
=015  \\$aGBB042953$2bnb
=016  7\$a015516145$2Uk
=020  \\$a9781439821718 (hbk.) :$c£85.00
=020  \\$a1439821712 (hbk.) :$c£85.00
=040  \\$aStDuBDS$beng$cStDuBDS$dUk
=042  \\$aukblsr
=050  00$aQD96.V53$bS74 2012
=082  00$a547$223
=100  1\$aStephens, Philip J.,$d1940-2012.
=245  10$aVCD spectroscopy for organic chemists /$cPhilip J. Stephens, Frank J. Devlin, James R. Cheeseman.
=260  \\$aBoca Raton :$bCRC Press,$cc2012.
=300  \\$ax, 360 p. :$bill. (some col.) ;$c25 cm.
=336  \\$atext$2rdacontent
=337  \\$aunmediated$2rdamedia
=338  \\$avolume$2rdacarrier
=500  \\$aFormerly CIP.$5Uk
=504  \\$aIncludes bibliographical references (p. 289-344) and index.
=520  \\$a"The purpose of this book is to increase the awareness of organic chemists of the utility of VCD spectroscopy. To this end, successive chapters present experimental measurement of VCD spectra and their analysis; experimental measurement of vibrational absorption and VCD spectra; fundamental quantum-mechanical theory of the vibrational states of molecules and of their vibrational absorption and VCD spectra; application of the ab initio HF and DFT methods of quantum chemistry to the prediction of the molecular structures and vibrational states of organic molecules; conformational analysis of conformationally-flexible molecules; analysis of the vibrational absorption and VCD spectra of a number of conformationally-rigid chiral organic molecules; and studies of a set of chiral organic molecules which further document the power of VCD spectroscopy and make clear how wide is the applicability of this technique"--$cProvided by publisher.
=540  \\$aCurrent Copyright Fee: GBP34.00$c0$5Uk
=650  \0$aVibrational spectra.
=650  \0$aVibrational circular dichroism.
=650  \7$aSCIENCE / Chemistry / Organic.$2bisacsh
=650  \7$aSCIENCE / Chemistry / Industrial & Technical.$2bisacsh
=700  1\$aDevlin, Frank J.,$d1949-
=700  1\$aCheeseman, James R.,$d1963-
=852  11$aBritish Library$bSTI$k(B)$h543.5
=852  41$aBritish Library$bDSC
=BUF  \\$aN$d20120820
=CAT  \\$aBATCH-CIPN$b00$c20100323$lBLL01$h1701
=CAT  \\$aBATCH$b00$c20100323$lBLL01$h1702
=CAT  \\$aBATCH$b00$c20100323$lBLL01$h1707
=CAT  \\$aBATCH$b00$c20100728$lBLL01$h0853
=CAT  \\$a11168$b40$c20120820$lBLL01$h0915
=CAT  \\$aBATCH-BUOC$b00$c20130131$lBLL01$h2318
=CAT  \\$aWR16_021$c20160627$lBLL01$h1802
=CAT  \\$aBATCH-UPD$b00$c20170401$lBLL01$h1718
=CAT  \\$aBATCH-CLAB$c20230324$lBLL01$h1326
=CAT  \\$aIPL-CLA$c20230331$lBLL01$h1703
=CFI  0\$aCurrent Copyright Fee: GBP34.00$c0$e01-apr-2023$fGBP34.00$g0$hC$5Uk
=FIN  \\$aY$d20120820
=FMT  \\$a  BK
=LAS  \\$aIPL-CLA$b00$c20230331$lBLL01$h1703

