=LDR  02290cam a2200625 a 4500
=001  015522891
=003  Uk
=005  20230331170338.0
=008  120113s2012\\\\fluaf\\\\b\\\\001\0\eng\\
=010  \\$a  2011049866
=015  \\$aGBB046718$2bnb
=016  7\$a015522891$2Uk
=020  \\$a9781439812983 (hbk.) :$c£76.99
=020  \\$a1439812985 (hbk.) :$c£76.99
=040  \\$aStDuBDS$beng$cStDuBDS$dUk
=042  \\$aukblcatcopy
=050  00$aRC78.7.T62$bC67 2012
=082  00$a616.0757$223
=084  \\$aMED080000$aSCI055000$aTEC059000$2bisacsh
=245  00$aCorrection techniques in emission tomography /$cedited by Mohammad Dawood, Xiaoyi Jiang, Klaus Schäfers.
=260  \\$aBoca Raton, FL :$bCRC Press,$cc2012.
=300  \\$axx, 265 p., [16] p. of plates :$bill. (some col.) ;$c24 cm.
=336  \\$atext$2rdacontent
=337  \\$aunmediated$2rdamedia
=338  \\$avolume$2rdacarrier
=490  0\$aSeries in medical physics and biomedical engineering
=500  \\$aFormerly CIP.$5Uk
=504  \\$aIncludes bibliographical references and index.
=540  \\$aCurrent Copyright Fee: GBP34.00$c0$5Uk
=650  \0$aTomography, Emission.
=650  \0$aRadiative corrections.
=650  \7$aMEDICAL / Radiology & Nuclear Medicine.$2bisacsh
=650  \7$aSCIENCE / Physics.$2bisacsh
=650  \7$aTECHNOLOGY & ENGINEERING / Biomedical.$2bisacsh
=700  1\$aDawood, Mohammad.
=700  1\$aJiang, Xiaoyi.
=700  1\$aSchäfers, Klaus.
=852  11$aBritish Library$bSTI$k(B)$h616.07575
=852  41$aBritish Library$bDSC
=CAT  \\$aBATCH-CIPN$b00$c20100330$lBLL01$h1702
=CAT  \\$aBATCH$b00$c20100330$lBLL01$h1703
=CAT  \\$aBATCH$b00$c20100330$lBLL01$h1708
=CAT  \\$aBATCH$b00$c20100728$lBLL01$h0853
=CAT  \\$a8157$b40$c20111101$lBLL01$h1220
=CAT  \\$aBATCH-UPD$b40$c20120115$lBLL01$h2004
=CAT  \\$a12323$b40$c20120516$lBLL01$h1114
=CAT  \\$a10883$b40$c20130426$lBLL01$h1341
=CAT  \\$aWR16_021$c20160627$lBLL01$h1804
=CAT  \\$aBATCH-CLAB$c20230324$lBLL01$h1357
=CAT  \\$aIPL-CLA$c20230331$lBLL01$h1703
=CFI  0\$aCurrent Copyright Fee: GBP34.00$c0$e01-apr-2023$fGBP34.00$g0$hC$5Uk
=FIN  \\$aY$d20130426
=FMT  \\$a  BK
=LAS  \\$aIPL-CLA$b00$c20230331$lBLL01$h1703
=SRC  \\$aBLL02

