=LDR  01534cam a2200457 a 4500
=001  015525002
=003  Uk
=005  20220331230954.0
=008  100120s2010\\\\gw\a\\\\\b\\\\001\0\eng\\
=010  \\$a2010920971
=015  \\$aGBB051025$2bnb
=020  \\$a9783642112966 (pbk.)
=020  \\$a9783642112973 (e-bk.)
=040  \\$aDLC$beng$cDLC$dUk
=042  \\$aukblsr
=082  04$a512.23$222
=100  10$aBouc, Serge,$d1955-
=245  10$aBiset functors for finite groups /$cSerge Bouc.
=260  \\$aHeidelberg :$bSpringer,$cc2010.
=300  \\$aix, 299 p. :$bill. ;$c24 cm.
=336  \\$atext$2rdacontent
=337  \\$aunmediated$2rdamedia
=338  \\$avolume$2rdacarrier
=490  0\$aLecture notes in mathematics,$x0075-8434 ;$v1990
=504  \\$aIncludes bibliographical references and index.
=540  \\$aBritish Library not licensed to copy$c0$5Uk
=650  \0$aFinite groups.
=650  \0$aFunctor theory.
=852  \\$aBritish Library$bDSC
=852  71$aBritish Library$bSTI$k(P)$hP 00$m-E(88)$i1990$2blsrissc
=CAT  \\$a6098$b40$c20100406$lBLL01$h1245
=CAT  \\$a6989$b40$c20100415$lBLL01$h1119
=CAT  \\$aBATCH-CLAB$c20220330$lBLL01$h1723
=CAT  \\$aBATCH-UPD$b00$c20220331$lBLL01$h0842
=CAT  \\$aIPL-CLA$c20220331$lBLL01$h2309
=CAT  \\$aW2308-1659$c20230923$lBLL01$h1054
=CFI  0\$aBritish Library not licensed to copy$c0$e01-apr-2022$hC$iCFP Excluded$5Uk
=FIN  \\$aY$d20100415
=FMT  \\$a  BK
=LAS  \\$aW2308-1659$b00$c20230923$lBLL01$h1054
=SID  \\$aZ39$bLOC

