=LDR  02303cam a2200637 a 4500
=001  015536504
=003  Uk
=005  20110126100546.0
=008  091117s2010\\\\cou\\\\\\kq\\\001\0\eng\\
=010  \\$a2009941646
=020  \\$a9780982585306 (v. 1 : alk. paper)
=020  \\$a0982585306 (v. 1 : alk. paper)
=020  \\$a9780982585313 (v. 2 : alk. paper)
=020  \\$a0982585314 (v. 2 : alk. paper)
=020  \\$a9780982585320 (v. 3 : alk. paper)
=020  \\$a0982585322 (v. 3 : alk. paper)
=020  \\$a9780982585337 (v. 4 : alk. paper)
=020  \\$a0982585330 (v. 4 : alk. paper)
=020  \\$a9780982585344 (v. 5 : alk. paper)
=020  \\$a0982585349 (v. 5 : alk. paper)
=040  \\$aDLC$cDLC$dUk
=042  \\$aukblsr
=082  04$a016.784480266$222
=100  1\$aJohnson, Richard J.
=245  10$aAmerican dance bands on record and film, 1915 - 1942 /$ccompiled by Richard J. Johnson, Bernard H. Shirley.
=250  \\$a1st ed.
=260  \\$aFairplay, Colo. :$bRustbooks Pub.,$cc2010.
=300  \\$a5 v. ;$c24 cm.
=336  \\$atext$2rdacontent
=337  \\$aunmediated$2rdamedia
=338  \\$avolume$2rdacarrier
=500  \\$aIncludes indexes.
=505  0\$av. 1. A-D. v. 2. E-J. v. 3. K-N. v. 4. O-S. v. 5. T-Z.
=650  \0$aDance orchestra music$zUnited States$vDiscography.
=650  \0$aBig band music$vDiscography.
=650  \0$aDance orchestras$zUnited States$vFilm catalogs.
=650  \0$aBig bands$zUnited States$vFilm catalogs.
=700  1\$aShirley, Bernard H.$q(Bernard Henry).
=852  11$aBritish Library$bHMNTS
=852  41$aBritish Library$bHMNTS
=852  41$aBritish Library$bHMNTS
=852  41$aBritish Library$bHMNTS
=852  11$aBritish Library$bHMNTS$cSPHOA$kHUS$h789.31448
=CAT  \\$a11375$b40$c20100421$lBLL01$h0838
=CAT  \\$a11250$b40$c20100712$lBLL01$h1340
=CAT  \\$a5447$b40$c20100713$lBLL01$h0853
=CAT  \\$a10743$b40$c20100713$lBLL01$h1151
=CAT  \\$a10743$b40$c20100720$lBLL01$h1308
=CAT  \\$a8619$b40$c20110126$lBLL01$h1003
=CAT  \\$a8619$b40$c20110126$lBLL01$h1005
=CAT  \\$aBATCH-UPD$b40$c20191119$lBLL01$h2000
=CAT  \\$aW2308-1659$c20230923$lBLL01$h1055
=FIN  \\$aY$d20100712
=FMT  \\$a  BK
=LAS  \\$aW2308-1659$b00$c20230923$lBLL01$h1055
=SID  \\$aZ39$bLOC

