=LDR  02942cam a2200709 a 4500
=001  015540934
=003  Uk
=005  20220331231010.0
=008  100422s2010\\\\xxua\\\\\b\\\\001\0\eng|d
=010  \\$a2010010779
=015  \\$aGBB055527$2bnb
=016  7\$a015540934$2Uk
=020  \\$a9780470278154 (set) :$c£1400.00
=020  \\$a0470278153 (set) :$c£1400.00
=020  \\$a9780470770023 (v. 1)
=020  \\$a9780470770030 (v. 2)
=020  \\$a9780470770047 (v. 3)
=020  \\$a9780470770054 (v. 4)
=020  \\$a9780470770061 (v. 5)
=020  \\$a9780470770078 (v. 6)
=020  \\$a9780470770085 (v. 7)
=020  \\$a9780470770092 (v. 8)
=040  \\$aUk$beng$cUk
=042  \\$aukblsr
=082  04$a615.19$222
=245  00$aBurger's medicinal chemistry, drug discovery and development.
=250  \\$a7th ed. /$bedited by Donald J. Abraham, David P. Rotella.
=260  \\$aOxford :$bWiley,$cc2010.
=300  \\$a8 v. :$bill. (some col.) ;$c27 cm.
=336  \\$atext$2rdacontent
=337  \\$aunmediated$2rdamedia
=338  \\$avolume$2rdacarrier
=500  \\$aFormerly CIP.$5Uk
=500  \\$aRev. ed. of: Burger's medicinal chemistry and drug discovery. 6th ed. / edited by Donald J. Abraham. c2003.
=504  \\$aIncludes bibliographical references and index.
=505  0\$av. 1. Methods in drug discovery -- v. 2. Discovering lead molecules -- v. 3. Drug development -- v. 4. Cardiovascular, endocrine, and metabolic disease -- v. 5. Pulmonary, bone, immunology, vitamins, and autocoid therapeutic agents v. 6. Cancer -- v. 7. Antiinfectives -- v. 8. CNS Disorders.
=540  \\$aCurrent Copyright Fee: GBP32.00$c0$5Uk
=650  \0$aPharmaceutical chemistry.
=700  1\$aAbraham, Donald J.,$d1936-
=700  1\$aRotella, David P.
=700  1\$aBurger, Alfred,$d1905-2000.$tBurger's medicinal chemistry, drug discovery and development.
=852  \\$aBritish Library$bDSC
=852  11$aBritish Library$bSTI$k(B)$h615.19$ivol. 4
=852  11$aBritish Library$bSTI$k(B)$h615.19$ivol. 1
=852  11$aBritish Library$bSTI$k(B)$h615.19$ivol. 2
=852  11$aBritish Library$bSTI$k(B)$h615.19$ivol. 6
=852  11$aBritish Library$bSTI$k(B)$h615.19$ivol. 7
=852  11$aBritish Library$bSTI$k(B)$h615.19$ivol. 5
=852  11$aBritish Library$bSTI$k(B)$h615.19$ivol. 8
=852  11$aBritish Library$bSTI$k(B)$h615.19$ivol. 3
=CAT  \\$aBATCH-CIPN$b00$c20100427$lBLL01$h1700
=CAT  \\$aBATCH$b00$c20100427$lBLL01$h1701
=CAT  \\$aBATCH$b00$c20100427$lBLL01$h1704
=CAT  \\$a10876$b40$c20110523$lBLL01$h1059
=CAT  \\$a11070$b40$c20110524$lBLL01$h1356
=CAT  \\$aWR16_021$c20160627$lBLL01$h1807
=CAT  \\$aBATCH-CLAB$c20220330$lBLL01$h1707
=CAT  \\$aIPL-CLA$c20220331$lBLL01$h2310
=CFI  0\$aCurrent Copyright Fee: GBP32.00$c0$e01-apr-2022$fGBP32.00$g0$hC$5Uk
=FIN  \\$aY$d20110524
=FMT  \\$a  BK
=LAS  \\$aIPL-CLA$b00$c20220331$lBLL01$h2310

