=LDR  01981cam a2200565 a 4500
=001  015540940
=003  Uk
=005  20220331231010.0
=008  101007s2012\\\\njua\\\\\b\\\\001\0\eng\\
=010  \\$a2010041044  
=015  \\$aGBB055533$2bnb
=016  7\$a015540940$2Uk
=020  \\$a9780470470176 (hbk.) :$c£83.50
=020  \\$a0470470178 (hbk.) :$c£83.50
=020  \\$z9781118008706 (ePDF)
=020  \\$z9781118008720 (oBook)
=020  \\$z9781118008713 (ePub)
=040  \\$aStDuBDS$beng$cStDuBDS$dUk
=042  \\$aukblsr
=050  00$aQD95.5.D37$bC66 2012
=082  00$a543.50285$222
=245  00$aComputational strategies for spectroscopy :$bfrom small molecules to nano systems /$cedited by Vincenzo Barone.
=260  \\$aOxford :$bWiley,$c2012.
=300  \\$axiii, 594 p. :$bill. ;$c25 cm.
=336  \\$atext$2rdacontent
=337  \\$aunmediated$2rdamedia
=338  \\$avolume$2rdacarrier
=500  \\$aFormerly CIP.$5Uk
=504  \\$aIncludes bibliographical references and index.
=540  \\$aCurrent Copyright Fee: GBP32.00$c0$5Uk
=650  \0$aSpectrum analysis$xData processing.
=700  1\$aBarone, Vincenzo,$d1952-
=852  41$aBritish Library$bDSC
=852  11$aBritish Library$bSTI$k(B)$h535.84
=BUF  \\$aN$d20120112
=CAT  \\$aBATCH-CIPN$b00$c20100427$lBLL01$h1700
=CAT  \\$aBATCH$b00$c20100427$lBLL01$h1701
=CAT  \\$aBATCH$b00$c20100427$lBLL01$h1704
=CAT  \\$aBATCH$b00$c20100602$lBLL01$h0925
=CAT  \\$a10876$b40$c20120112$lBLL01$h1303
=CAT  \\$aBATCH-BUOC$b00$c20120120$lBLL01$h0003
=CAT  \\$aWR16_021$c20160627$lBLL01$h1807
=CAT  \\$a5194$b40$c20170502$lBLL01$h1417
=CAT  \\$a5194$b40$c20170502$lBLL01$h1421
=CAT  \\$aBATCH-CLAB$c20220330$lBLL01$h1531
=CAT  \\$aIPL-CLA$c20220331$lBLL01$h2310
=CFI  0\$aCurrent Copyright Fee: GBP32.00$c0$e01-apr-2022$fGBP32.00$g0$hC$5Uk
=FIN  \\$aY$d20120112
=FMT  \\$a  BK
=LAS  \\$aIPL-CLA$b00$c20220331$lBLL01$h2310

