=LDR  01756pam a2200505 a 4500
=001  015542041
=003  Uk
=005  20111121113131.0
=008  100426s2011\\\\njua\\\\\b\\\\001\0\eng\d
=015  \\$aGBB056634$2bnb
=016  7\$a015542041$2Uk
=020  \\$a9781603275019 (pbk.) :$c£49.99
=020  \\$a1603275010 (pbk.) :$c£49.99
=020  \\$z9781603275026 (e-ISBN)
=040  \\$aStDuBDS$beng$cStDuBDS$dUk
=042  \\$aukblcatcopy
=082  04$a616.3997$222
=245  00$aHyperlipidemia in primary care :$ba practical guide to risk reduction /$cedited by Matthew J. Sorrentino ; foreword by Neil S. Skolnik.
=260  \\$aTotowa, N.J. :$bHumana,$c2011.
=300  \\$axi, 228 p. :$bill. ;$c24 cm.
=336  \\$atext$2rdacontent
=337  \\$aunmediated$2rdamedia
=338  \\$avolume$2rdacarrier
=490  0\$aCurrent clinical practice
=500  \\$aFormerly CIP.$5Uk
=504  \\$aIncludes bibliographical references and index.
=650  \0$aHyperlipidemia.
=650  \0$aHyperlipidemia$xTreatment.
=650  \0$aHyperlipidemia$xPrevention.
=650  \0$aPrimary care (Medicine)
=700  1\$aSorrentino, Matthew J.
=852  11$aBritish Library$bSTI$k(B)$h616.3997
=852  41$aBritish Library$bDSC
=CAT  \\$aBATCH-CIPN$b00$c20100427$lBLL01$h1700
=CAT  \\$aBATCH$b00$c20100427$lBLL01$h1701
=CAT  \\$aBATCH$b00$c20100427$lBLL01$h1704
=CAT  \\$aBATCH$b00$c20100428$lBLL01$h1030
=CAT  \\$aBATCH$b00$c20100428$lBLL01$h1031
=CAT  \\$a10876$b40$c20110914$lBLL01$h1053
=CAT  \\$a9657$b40$c20110915$lBLL01$h1126
=CAT  \\$a8964$b40$c20111121$lBLL01$h1131
=CAT  \\$aWR16_021$c20160627$lBLL01$h1807
=FIN  \\$aY$d20110915
=FMT  \\$a  BK
=LAS  \\$aWR16_021$b00$c20160627$lBLL01$h1807

