=LDR  01816 am a2200481 a 4500
=001  015580624
=003  Uk
=005  20100625145755.0
=008  100618s2010\\\\enka\\\\\b\\\\101\0\eng\\
=015  \\$aGBB074529$2bnb
=016  7\$a015580624$2Uk
=020  \\$a9781846260223 (pbk.)
=040  \\$aUk$beng$cUk
=042  \\$aukblsr
=082  04$a630.7$222
=111  2\$aInternational Conference on Agricultural and Animal Science$d(2010 :$cSingapore)
=245  10$aProceedings of 2010 International Conference on Agricultural and Animal Science (CAAS 2010) :$bSingapore, 26-28 February 2010 /$cedited by Saji Baby, Parvinder Singh Sandhu ; IACSIT editor Yi Hang.
=260  \\$aLiverpool :$bWorld Academic Union (World Academic Press),$cc2010.
=300  \\$axiii, 391 p. :$bill. ;$c29 cm.
=336  \\$atext$2rdacontent
=337  \\$aunmediated$2rdamedia
=338  \\$avolume$2rdacarrier
=504  \\$aIncludes bibliographical references and index.
=650  \0$aAgriculture$xResearch$vCongresses.
=650  \0$aAnimal industry$vCongresses.
=700  1\$aBaby, Saji.
=700  1\$aSandhu, Parvinder S.
=700  1\$aHang, Yi.
=710  2\$aInternational Association of Computer Science and Information Technology.
=710  2\$aWorld Academic Union.
=852  11$aBritish Library$bSTI$k(B)$h630.7
=852  41$aBritish Library$bDSC
=CAT  \\$a11029$b40$c20100618$lBLL01$h0856
=CAT  \\$a11029$b40$c20100618$lBLL01$h0859
=CAT  \\$a5751$b40$c20100621$lBLL01$h1427
=CAT  \\$a5751$b40$c20100621$lBLL01$h1439
=CAT  \\$a5751$b40$c20100622$lBLL01$h1534
=CAT  \\$a7000$b40$c20100623$lBLL01$h1420
=CAT  \\$a7000$b40$c20100625$lBLL01$h1457
=CAT  \\$aWR16_021$c20160628$lBLL01$h1805
=FIN  \\$aY$d20100622
=FMT  \\$a  BK
=LAS  \\$aWR16_021$b00$c20160628$lBLL01$h1805

