=LDR  01859cam a2200529 a 4500
=001  015590703
=003  Uk
=005  20220331231115.0
=008  100621s2011\\\\njua\\\\\b\\\\001\0\eng\d
=015  \\$aGBB1E3411$2bnb
=016  7\$a015590703$2Uk
=020  \\$a9780470391228 (hbk.) :$c£83.50
=020  \\$a0470391227 (hbk.) :$c£83.50
=020  \\$z9781118056776 (oBook)
=020  \\$z9781118056752 (ePDF)
=020  \\$z9781118056769 (ePub)
=040  \\$aStDuBDS$beng$cStDuBDS$dUk
=042  \\$aukblcatcopy
=082  04$a620.14$222
=245  00$aCeramic integration and joining technologies :$bfrom macro to nanoscale /$cedited by M. Singh ... [et al.].
=260  \\$aHoboken, N.J. :$bWiley-American Ceramic Society,$cc2011.
=300  \\$axiv, 816 p. :$bill. ;$c25 cm.
=336  \\$atext$2rdacontent
=337  \\$aunmediated$2rdamedia
=338  \\$avolume$2rdacarrier
=500  \\$aFormerly CIP.$5Uk
=504  \\$aIncludes bibliographical references and index.
=540  \\$aCurrent Copyright Fee: GBP32.00$c0$5Uk
=650  \0$aCeramic materials.
=650  \0$aManufacturing processes.
=650  \0$aJoints (Engineering)
=700  1\$aSingh, M.$q(Mrityunjay).
=852  11$aBritish Library$bSTI$k(B)$h620.14
=852  41$aBritish Library$bDSC
=CAT  \\$aBATCH-APP$b00$c20100630$lBLL01$h1049
=CAT  \\$aBATCH$b00$c20100630$lBLL01$h1050
=CAT  \\$a10812$b40$c20111213$lBLL01$h1333
=CAT  \\$a5375$b40$c20111214$lBLL01$h1155
=CAT  \\$aWR16_021$c20160628$lBLL01$h1807
=CAT  \\$aBATCH-CLAB$c20220330$lBLL01$h1615
=CAT  \\$aBATCH-UPD$b00$c20220330$lBLL01$h1921
=CAT  \\$aIPL-CLA$c20220331$lBLL01$h2311
=CFI  0\$aCurrent Copyright Fee: GBP32.00$c0$e01-apr-2022$fGBP32.00$g0$hC$5Uk
=FIN  \\$aY$d20111214
=FMT  \\$a  BK
=LAS  \\$aIPL-CLA$b00$c20220331$lBLL01$h2311
=SRC  \\$aHolt Jackson

