=LDR  01219 am a2200349 a 4500
=001  015599903
=003  Uk
=005  20100714135829.0
=008  100713s1922\\\\sp\a\\\\\k\\\|0|0\0|spa\\
=040  \\$aUk$beng$cUk
=042  \\$aukblsr
=082  04$a016.780266$222
=245  00$aCatálogo general de discos marca "Gramófono" y de aparatos marcas "Gramola" y "Gramófono".
=260  \\$aBarcelona :$bCompañía del Gramófono,$c1922.
=300  \\$a245, 8 p. :$bill. ;$c18 cm.
=336  \\$atext$2rdacontent
=337  \\$aunmediated$2rdamedia
=338  \\$avolume$2rdacarrier
=500  \\$a"Septiembre de 1922."
=610  20$aHis Master's Voice (Sound recording label)$vCatalogs.
=610  20$aCompañía del Gramófono$vCatalogs.
=650  \0$aPhonograph$zSpain$vCatalogs.
=710  2\$aCompañía del Gramófono.
=852  41$aBritish Library$bHMNTS$cSPHOA$kHUS$h780.266029446$mHMV
=852  41$aBritish Library$bHMNTS
=CAT  \\$a5447$b40$c20100713$lBLL01$h1458
=CAT  \\$a8964$b40$c20100714$lBLL01$h1006
=CAT  \\$a8964$b40$c20100714$lBLL01$h1358
=CAT  \\$aBATCH-UPD$b40$c20100717$lBLL01$h2022
=FIN  \\$aY$d20100713
=FMT  \\$a  BK
=LAS  \\$aBATCH-UPD$b40$c20100717$lBLL01$h2022

