=LDR  01936cam a2200553 a 4500
=001  015611052
=003  Uk
=005  20230331170428.0
=008  100723s2011\\\\enka\\\\\\\\\\001\0\eng\d
=015  \\$aGBB089315$2bnb
=016  7\$a015611052$2Uk
=020  \\$a9780340983508 (cased) :$c£39.99
=020  \\$a0340983507 (cased) :$c£39.99
=040  \\$aStDuBDS$beng$cStDuBDS$dUk
=042  \\$aukblcatcopy
=082  04$a616.5$222
=100  1\$aMarks, Ronald.
=245  10$aCommon skin diseases /$cRonald Marks, Richard Motley.
=250  \\$a18th ed.
=260  \\$aLondon :$bHodder Arnold,$c2011.
=300  \\$axvi, 365 p. :$bill. ;$c26 cm.
=336  \\$atext$2rdacontent
=337  \\$aunmediated$2rdamedia
=338  \\$avolume$2rdacarrier
=500  \\$aPrevious ed.: published as Roxburgh's common skin diseases. 2003.
=500  \\$aIncludes index.
=500  \\$aFormerly CIP.$5Uk
=540  \\$aCurrent Copyright Fee: GBP34.00$c0$5Uk
=650  \0$aSkin$xDiseases.
=650  \0$aDermatology.
=700  1\$aMotley, Richard,$cMRCP.
=700  1\$aMarks, Ronald.$tRoxburgh's common skin diseases.
=852  11$aBritish Library$bSTI$k(B)$h616.5
=852  41$aBritish Library$bDSC
=CAT  \\$aBATCH-CIPN$b00$c20100727$lBLL01$h1700
=CAT  \\$aBATCH$b00$c20100901$lBLL01$h1048
=CAT  \\$a8479$b40$c20111005$lBLL01$h1555
=CAT  \\$a8479$b40$c20111005$lBLL01$h1556
=CAT  \\$a12666$b40$c20111006$lBLL01$h1145
=CAT  \\$aWR16_021$c20160628$lBLL01$h1811
=CAT  \\$aBATCH-CLAB$c20220330$lBLL01$h1705
=CAT  \\$aIPL-CLA$c20220331$lBLL01$h2311
=CAT  \\$aBATCH-CLAB$c20230324$lBLL01$h1358
=CAT  \\$aIPL-CLA$c20230331$lBLL01$h1704
=CFI  0\$aCurrent Copyright Fee: GBP34.00$c0$e01-apr-2023$fGBP34.00$g0$hC$5Uk
=CFI  2\$aPrevious Copyright Fee: GBP28.00$c0$e01-apr-2022$fGBP28.00$g0$hC$5Uk
=FIN  \\$aY$d20111006
=FMT  \\$a  BK
=LAS  \\$aIPL-CLA$b00$c20230331$lBLL01$h1704

