=LDR  02148 as a2200589 a 4500
=001  015622629
=003  Uk
=005  20100810094301.0
=007  ta
=008  800513d19551984cc\uu\p\\\\\\\0\\\e0chirc
=010  \\$a83642075
=022  \\$a0559-9385$l0559-9385
=030  \\$aSSWKDR
=035  \\$a(OCoLC)ocm06313088
=037  \\$bXin hua shu dian, Peking
=040  \\$aWaU$cWaU$dDLC$dOCoLC$dNST$dAIP$dNSDP$dNST$dDNAL$dMH$dOCoLC$dDLC$dOCoLC$dUk
=041  0\$achi$beng
=042  \\$apcc
=050  00$aQH90.A1$bS55
=066  \\$c{dollar}1
=070  0\$a442.8$bSh9
=072  \0$aM300
=082  04$a578.76$222
=210  0\$aActa hydrobiol. sin.
=222  \0$aActa hydrobiologica Sinica
=245  00$aShui sheng sheng wu xue ji kan =$bActa hydrobiologica Sinica /$cZhongguo ke xue yuan shui sheng sheng wu yan jiu suo bian ji.
=246  31$aActa hydrobiologica Sinica
=260  \\$aBeijing :$bKe xue chu ban she,$c-1984.
=300  \\$av. :$bill. ;$c26 cm.
=336  \\$atext$2rdacontent
=337  \\$aunmediated$2rdamedia
=338  \\$avolume$2rdacarrier
=362  0\$a-Di 8 juan di 4 qi (Dec. 1984).
=362  1\$aBegan in 1955.
=500  \\$aDescription based on: Di 6 juan, di 4 qi; title from cover.
=510  2\$aChemical abstracts$x0009-2258$b1955-1984
=515  \\$aVol. numbering begins with vol. 5, 1964.
=515  \\$aPublication suspended 1957-76.
=546  \\$aText in Chinese with summaries and abstracts in English.
=650  \0$aAquatic biology.
=710  2\$aZhongguo ke xue yuan.$bShui sheng sheng wu yan jiu suo.
=785  00$tShui sheng sheng wu xue bao$x1000-3207
=852  71$aBritish Library$bSTI$k(P)$hFP 81$m-X(1)$2blsrissc$31955-1984; [Vol. 1] - v. 8.
=852  49$aBritish Library$bDSC$3See shelfmark 0624.500000 for vol. 2, no. 12 (1962); v. 6 (1976)- v. 8 (1984)
=CAT  \\$a8201$b40$c20100810$lBLL01$h0943
=CAT  \\$aWR11_155$c20120104$lBLL01$h1855
=FIN  \\$aY$d20100810
=FMT  \\$a  SE
=LAS  \\$aWR11_155$b00$c20120104$lBLL01$h1855
=LKR  \\$aPAR$b009185132$lBLL01$r78500$mActa hydrobiologica Sinica$nShuisheng shengwu xuebao
=SID  \\$aZ39$bLOC
=TCO  \\$aZZZ$c008

