=LDR  03088cam a2200721 a 4500
=001  015635363
=003  Uk
=005  20230930114158.0
=008  100818s2010\\\\nyua\\\\\b\\\\001\0\eng|d
=010  \\$a2010025384  
=015  \\$aGBB0A2037$2bnb
=016  7\$a015635363$2Uk
=020  \\$a9781616687588 (pbk.) :$c£35.99
=020  \\$a1616687584 (pbk.) :$c£35.99
=040  \\$aStDuBDS$beng$cStDuBDS$dUk
=042  \\$aukblsr
=082  00$a610.28$222
=245  00$aHydrogels in biology & medicine.
=260  \\$aHauppauge, N.Y. :$bNova Science ;$aLancaster :$bGazelle [distributor],$c2010.
=300  \\$aviii, 90 pages :$billustrations ;$c23 cm.
=336  \\$atext$2rdacontent
=337  \\$aunmediated$2rdamedia
=338  \\$avolume$2rdacarrier
=500  \\$aFormerly CIP.$5Uk
=504  \\$aIncludes bibliographical references and index.
=505  0\$aStructure of hydrogels in relation to the formation conditions -- Swelling and mechanical properties of hydrogels -- Contact lenses -- Intraocular lenses -- Functional implants -- Embolization of blood vessels -- Wound-dressing -- Conductive supports for contact electrodes -- Hydrogels for tissue engineering.
=540  \\$aCurrent Copyright Fee: GBP19.41$c0$5Uk
=650  \0$aColloids in medicine.
=650  12$aHydrogels.
=650  22$aBiocompatible Materials.
=700  1\$aMichalek, J.
=852  4\$aBritish Library$bDSC
=852  11$aBritish Library$bSTI$k(B)$h610.154134513
=ACF  \\$aPrevious Copyright Fee: GBP18.44$c0$e01-apr-2022$fGBP18.44$g0$hC$5Uk
=ACF  \\$aPrevious Copyright Fee: GBP19.35$c0$e01-jul-2022$fGBP19.35$g0$hC$5Uk
=ACF  \\$aPrevious Copyright Fee: GBP20.34$c0$e01-oct-2022$fGBP20.34$g0$hC$5Uk
=ACF  \\$aPrevious Copyright Fee: GBP22.11$c0$e01-jan-2023$fGBP22.11$g0$hC$5Uk
=ACF  \\$aPrevious Copyright Fee: GBP20.44$c0$e01-apr-2023$fGBP20.44$g0$hC$5Uk
=BUF  \\$aN$d20130325
=CAT  \\$aBATCH-CIPN$b00$c20100824$lBLL01$h1701
=CAT  \\$aBATCH$b00$c20110420$lBLL01$h2212
=CAT  \\$a5703$b40$c20130325$lBLL01$h1632
=CAT  \\$aBATCH-BUOC$b00$c20140228$lBLL01$h1109
=CAT  \\$aWR16_021$c20160629$lBLL01$h1806
=CAT  \\$aBATCH-CLAB$c20220330$lBLL01$h1616
=CAT  \\$aIPL-CLA$c20220331$lBLL01$h2312
=CAT  \\$aBATCH-CLAB$c20220627$lBLL01$h2051
=CAT  \\$aIPL-CLA$c20220630$lBLL01$h1720
=CAT  \\$aBATCH-CLAB$c20220908$lBLL01$h1327
=CAT  \\$aIPL-CLA$c20220930$lBLL01$h1607
=CAT  \\$aBATCH-CLAB$c20221217$lBLL01$h1728
=CAT  \\$aIPL-CLA$c20221231$lBLL01$h2256
=CAT  \\$aBATCH-CLAB$c20230324$lBLL01$h1320
=CAT  \\$aIPL-CLA$c20230331$lBLL01$h1704
=CAT  \\$aBATCH-CLAB$c20230601$lBLL01$h1227
=CAT  \\$aIPL-CLA$c20230630$lBLL01$h1735
=CAT  \\$aBATCH-CLAB$c20230907$lBLL01$h1708
=CAT  \\$aIPL-CLA$c20230930$lBLL01$h1141
=CFI  0\$aCurrent Copyright Fee: GBP19.41$c0$e01-oct-2023$fGBP19.41$g0$hC$5Uk
=CFI  2\$aPrevious Copyright Fee: GBP20.08$c0$e01-jul-2023$fGBP20.08$g0$hC$5Uk
=FIN  \\$aY$d20130325
=FMT  \\$a  BK
=LAS  \\$aIPL-CLA$b00$c20230930$lBLL01$h1141

