=LDR  02998cam a2200577 a 4500
=001  015640116
=003  Uk
=005  20220331231222.0
=008  110611s2012\\\\njua\\\\\b\\\\001\0\eng\\
=010  \\$a2011024790  
=015  \\$aGBB0A5458$2bnb
=016  7\$a015640116$2Uk
=020  \\$a9780471455585 (hbk.) :$c£73.50
=020  \\$a047145558X (hbk.) :$c£73.50
=040  \\$aStDuBDS$beng$cStDuBDS$dUk
=042  \\$aukblsr
=050  00$aTK5103.592.F52$bO624 2012
=082  00$a621.38275$223
=100  1\$aOh, Kyunghwan.
=245  10$aSilica optical fiber technology for devices and components :$bdesign, fabrication, and international standards /$cKyunghwan Oh, Un-Chul Paek.
=260  \\$aHoboken, N.J. :$bWiley,$cc2012.
=300  \\$axiii, 450 p. :$bill. ;$c25 cm.
=336  \\$atext$2rdacontent
=337  \\$aunmediated$2rdamedia
=338  \\$avolume$2rdacarrier
=490  0\$aWiley series in microwave and optical engineering
=500  \\$aFormerly CIP.$5Uk
=500  \\$aIncludes bibliographical references and index.
=520  \\$a"As the emphasis in optical fiber research expands from transmission media to functional fiber devices, various types of specialty optical fibers are being actively developed. Especially in dense wavelength multiplexing (DWDM) systems, novel functions such as fiber filters, fiber MUX/DEMUX, fiber amplifiers, among others, are constantly needed and supplied by specialty fibers. Until recently, optical fibers were treated as passive transmission media with very little attention given to these novel fiber technologies"--$cProvided by publisher.
=520  \\$a"This book deals with current issues in optical fiber design, fabrication and applications in optical devices and components. Unlike existing book which are focused on individual device technologies the proposed book will provide a comprehensive and concurrent discussion of optical fiber technology that can then be applied to individual fiber devices"--$cProvided by publisher.
=540  \\$aCurrent Copyright Fee: GBP32.00$c0$5Uk
=650  \0$aOptical fibers.
=650  \0$aFiber optic cables$xMaterials.
=650  \0$aOptical fiber communication$xEquipment and supplies$xDesign and construction.
=650  \0$aOptoelectronic devices$xMaterials.
=650  \7$aTECHNOLOGY & ENGINEERING / Optics.$2bisacsh
=700  1\$aPaek, Un-Chul.
=852  11$aBritish Library$bSTI$k(B)$h621.3692
=852  41$aBritish Library$bDSC
=BUF  \\$aN$d20120323
=CAT  \\$aBATCH-CIPN$b00$c20100831$lBLL01$h1701
=CAT  \\$aBATCH$b00$c20100901$lBLL01$h1048
=CAT  \\$a6524$b40$c20120323$lBLL01$h0820
=CAT  \\$aBATCH-BUOC$b00$c20120329$lBLL01$h2224
=CAT  \\$aWR16_021$c20160629$lBLL01$h1808
=CAT  \\$aBATCH-CLAB$c20220330$lBLL01$h1540
=CAT  \\$aIPL-CLA$c20220331$lBLL01$h2312
=CFI  0\$aCurrent Copyright Fee: GBP32.00$c0$e01-apr-2022$fGBP32.00$g0$hC$5Uk
=FIN  \\$aY$d20120323
=FMT  \\$a  BK
=LAS  \\$aIPL-CLA$b00$c20220331$lBLL01$h2312

