=LDR  02094cam a2200601 a 4500
=001  015643972
=003  Uk
=005  20220331231227.0
=008  100902s2012\\\\enkaf\\\\b\\\\001\0\eng|c
=015  \\$aGBB0A7358$2bnb
=016  7\$a015643972$2Uk
=020  \\$a9780470433553 (hbk.) :$c£90.50
=020  \\$a0470433558 (hbk.) :$c£90.50
=020  \\$z9781118111086 (oBook)
=020  \\$z9781118111055 (ePDF)
=020  \\$z9781118111062 (ePub)
=020  \\$z9781118111079 (eMobi)
=035  \\$a(IeDuTC)b148100090
=040  \\$aStDuBDS$beng$cStDuBDS$dUk$dIeDuTC
=042  \\$aukscp
=082  04$a668.9$222
=245  00$aDesigning dendrimers /$cedited by Sebastiano Campagna, Paola Ceroni, Fausto Puntoriero.
=260  \\$aOxford :$bWiley,$c2012.
=300  \\$axiii, 581 p., [24] p. of plates :$bill. (some col.) ;$c24 cm.
=336  \\$atext$2rdacontent
=337  \\$aunmediated$2rdamedia
=338  \\$avolume$2rdacarrier
=504  \\$aIncludes bibliographical references and index.
=540  \\$aCurrent Copyright Fee: GBP32.00$c0$5Uk
=650  \0$aDendrimers.
=700  1\$aCampagna, Sebastiano.
=700  1\$aCeroni, Paola.
=700  1\$aPuntoriero, Fausto,$d1974-
=852  11$aBritish Library$bSTI$k(B)$h668.9
=852  41$aBritish Library$bDSC
=916  \\$a700/2=NEW
=985  \\$aLDL record matched & merged
=BUF  \\$aY$d20111220
=CAT  \\$aBATCH-CIPN$b00$c20100907$lBLL01$h1700
=CAT  \\$aBATCH$b00$c20101208$lBLL01$h0851
=CAT  \\$a6923$b40$c20111220$lBLL01$h0845
=CAT  \\$a6923$b40$c20111220$lBLL01$h0846
=CAT  \\$aBATCH-LDLE$b00$c20120220$lBLL01$h2111
=CAT  \\$aBATCH-LDLL$b00$c20120220$lBLL01$h2112
=CAT  \\$aBATCH-LDL4$b00$c20120220$lBLL01$h2112
=CAT  \\$aBATCH-UPD$b00$c20120222$lBLL01$h1643
=CAT  \\$aWR16_021$c20160629$lBLL01$h1808
=CAT  \\$aBATCH-CLAB$c20220330$lBLL01$h1558
=CAT  \\$aIPL-CLA$c20220331$lBLL01$h2312
=CFI  0\$aCurrent Copyright Fee: GBP32.00$c0$e01-apr-2022$fGBP32.00$g0$hC$5Uk
=FIN  \\$aY$d20111220
=FMT  \\$a  BK
=LAS  \\$aIPL-CLA$b00$c20220331$lBLL01$h2312

