=LDR  02080cam a2200589 a 4500
=001  015643984
=003  Uk
=005  20220331231228.0
=008  100902s2012\\\\enkad\\\\b\\\\001\0\eng|d
=015  \\$aGBB0A7370$2bnb
=016  7\$a015643984$2Uk
=020  \\$a9780470501009 (hbk.) :$c£80.50
=020  \\$a0470501006 (hbk.) :$c£80.50
=020  \\$z9781118096833 (obk.)
=020  \\$z9781118096819 (ePDF)
=020  \\$z9781118096826 (ePub)
=035  \\$a(IeDuTC)b148127289
=040  \\$aStDuBDS$beng$cStDuBDS$dUk$dIeDuTC
=042  \\$aukscp
=082  04$a620.11$222
=245  00$aDevelopments in data storage :$bmaterials perspective /$cedited by S.N. Piramanayagam and Tow C. Chong.
=260  \\$aOxford :$bWiley ;$aPiscataway, NJ :$bIEEE Press,$cc2012.
=300  \\$axiii, 331 p. :$bill., charts ;$c24 cm.
=336  \\$atext$2rdacontent
=337  \\$aunmediated$2rdamedia
=338  \\$avolume$2rdacarrier
=500  \\$aFormerly CIP.$5Uk
=504  \\$aIncludes bibliographical references and index.
=540  \\$aCurrent Copyright Fee: GBP32.00$c0$5Uk
=650  \0$aMaterials science.
=650  \0$aInformation retrieval.
=700  1\$aPiramanayagam, S. N.
=700  1\$aChong, Tow C.
=852  41$aBritish Library$bDSC
=852  11$aBritish Library$bSTI$k(B)$h620.11
=916  \\$a700=NEW$a700/1=NEW
=985  \\$aLDL record matched & merged
=BUF  \\$aY$d20111230
=CAT  \\$aBATCH-CIPN$b00$c20100907$lBLL01$h1700
=CAT  \\$aBATCH$b00$c20110112$lBLL01$h1005
=CAT  \\$a11168$b40$c20111230$lBLL01$h0848
=CAT  \\$aBATCH-LDLE$b00$c20120213$lBLL01$h2114
=CAT  \\$aBATCH-LDLL$b00$c20120213$lBLL01$h2116
=CAT  \\$aBATCH-LDL4$b00$c20120213$lBLL01$h2116
=CAT  \\$aBATCH-UPD$b00$c20120307$lBLL01$h2137
=CAT  \\$aWR16_021$c20160629$lBLL01$h1808
=CAT  \\$aBATCH-CLAB$c20220330$lBLL01$h1618
=CAT  \\$aIPL-CLA$c20220331$lBLL01$h2312
=CFI  0\$aCurrent Copyright Fee: GBP32.00$c0$e01-apr-2022$fGBP32.00$g0$hC$5Uk
=FIN  \\$aY$d20111230
=FMT  \\$a  BK
=LAS  \\$aIPL-CLA$b00$c20220331$lBLL01$h2312

