=LDR  01435pam a2200433 a 4500
=001  015645157
=003  Uk
=005  20111021090352.0
=008  100830s2012\\\\enka\\\\\\\\\\001\0\eng\d
=015  \\$aGBB0A8543$2bnb
=016  7\$a015645157$2Uk
=020  \\$a9780123820846 (hbk.) :$c£79.99
=020  \\$a0123820847 (hbk.) :$c£79.99
=040  \\$aStDuBDS$beng$cStDuBDS$dUk
=042  \\$aukblcatcopy
=082  04$a621.3822$222
=245  00$aSatellite and terrestrial radio positioning techniques :$ba signal processing perspective /$cedited by Marco Luise, Emanuela Falletti.
=260  \\$aLondon :$bAcademic,$cc2012.
=300  \\$axxvi, 432 p. :$bill. ;$c25 cm.
=336  \\$atext$2rdacontent
=337  \\$aunmediated$2rdamedia
=338  \\$avolume$2rdacarrier
=500  \\$aIncludes index.
=500  \\$aFormerly CIP.$5Uk
=650  \0$aSignal processing.
=650  \0$aRadio$xReceivers and reception.
=700  1\$aLuise, Marco.
=700  1\$aFalletti, Emanuela.
=852  41$aBritish Library$bDSC
=852  41$aBritish Library$bDSC
=852  11$aBritish Library$bSTI$k(B)$h621.3822
=CAT  \\$aBATCH-CIPN$b00$c20100907$lBLL01$h1701
=CAT  \\$aBATCH$b00$c20100908$lBLL01$h1145
=CAT  \\$a11168$b40$c20111020$lBLL01$h0740
=CAT  \\$a6605$b40$c20111021$lBLL01$h0903
=CAT  \\$aWR16_021$c20160629$lBLL01$h1809
=FIN  \\$aY$d20111021
=FMT  \\$a  BK
=LAS  \\$aWR16_021$b00$c20160629$lBLL01$h1809

