=LDR  01437pam a2200433 a 4500
=001  015650144
=003  Uk
=005  20130121124244.0
=008  100902s2011\\\\gw\a\\\\\\\\\\001\0\eng\d
=015  \\$aGBB0B1393$2bnb
=016  7\$a015650144$2Uk
=020  \\$a9783527412013 (hardback)
=020  \\$a9783527407675 (paperback) :$c£70.00
=040  \\$aStDuBDS$beng$cStDuBDS$dUk
=042  \\$aukblcatcopy
=082  04$a621.4833$222
=100  1\$aMurty, K. Linga.
=245  13$aAn introduction to nuclear materials :$bfundamentals and applications /$cK. Linga Murty, Indrajit Charit.
=260  \\$aWeinheim :$bWiley-VCH ;$cc2013.
=300  \\$axvi, 382 pages :$billustrations ;$c25 cm.
=336  \\$atext$2rdacontent
=337  \\$aunmediated$2rdamedia
=338  \\$avolume$2rdacarrier
=500  \\$aIncludes index.
=500  \\$aFormerly CIP.$5Uk
=650  \0$aNuclear engineering$xMaterials.
=700  1\$aCharit, Indrajit.
=852  \\$aBritish Library$bSTI
=852  71$aBritish Library$bSTI$k(B)$h621.4833
=852  41$aBritish Library$bDSC
=CAT  \\$aBATCH-CIPN$b00$c20100914$lBLL01$h1701
=CAT  \\$aBATCH$b00$c20101208$lBLL01$h0851
=CAT  \\$a11029$b40$c20130117$lBLL01$h0810
=CAT  \\$a6605$b40$c20130118$lBLL01$h1107
=CAT  \\$a11325$b40$c20130121$lBLL01$h1242
=CAT  \\$aWR16_021$c20160629$lBLL01$h1810
=FIN  \\$aY$d20130118
=FMT  \\$a  BK
=LAS  \\$aWR16_021$b00$c20160629$lBLL01$h1810

