=LDR  01325 am a2200409 a 4500
=001  015653201
=003  Uk
=005  20100927115625.0
=008  100921s2009\\\\is\\\\\\\bk\\|0|0\0|eng\\
=040  \\$aUk$beng$cUk
=041  0\$aeng$aheb
=042  \\$aukblsr
=082  04$a780.92$222
=245  00$aTsippi Fleischer :$b(b. 1946) /$c[editors, Uri Golomb and Paul Landau].
=246  13$aTsipi Flaisher
=260  \\$aTel Aviv :$bIsrael Music Institute,$c2009.
=300  \\$a66 p. ;$c22 cm.
=336  \\$atext$2rdacontent
=337  \\$aunmediated$2rdamedia
=338  \\$avolume$2rdacarrier
=500  \\$aTête-bêche in English and Hebrew.
=504  \\$aIncludes bibliographical references and discography.
=600  10$aFleischer, Tsippi.
=650  \0$aComposers$zIsrael$vBiography.
=700  1\$aGolomb, Uri.
=700  1\$aLandau, Paul.
=710  2\$aMakhon le-musiḳah Yiśreʾelit.
=852  41$aBritish Library$bHMNTS
=852  41$aBritish Library$bHMNTS$cSPHOA$kHUS$h780.92$mFLE
=CAT  \\$a5447$b40$c20100921$lBLL01$h1422
=CAT  \\$a5447$b40$c20100921$lBLL01$h1424
=CAT  \\$a10743$b40$c20100922$lBLL01$h1129
=CAT  \\$aBATCH-UPD$b40$c20100927$lBLL01$h1043
=CAT  \\$a10743$b40$c20100927$lBLL01$h1156
=FIN  \\$aY$d20100921
=FMT  \\$a  BK
=LAS  \\$a10743$b40$c20100927$lBLL01$h1156

