=LDR  02349 as a2200625 a 4500
=001  015689173
=003  Uk
=005  20101108165715.0
=007  ta
=008  751015d19751976caubr\p\\\\\\\0\\\a0eng\\
=010  \\$a76645260
=022  0\$a0099-2364$l0099-2364$21
=030  \\$zARDYA
=035  \\$a(OCoLC)1705722
=040  \\$aNLM$cNLM$dNSD$dDLC$dOCL$dSER$dAIP$dNSD$dNST$dDLC$dGUA$dOCLCQ$dUk
=042  \\$ansdp$apcc
=050  10$aRM845$b.A65
=060  00$aW1$bAP528U
=082  04$a616.075705$222
=210  0\$aAppl. radiol. nucl. med.
=222  \0$aApplied radiology and nuclear medicine
=245  00$aApplied radiology and nuclear medicine.
=260  \\$a[Los Angeles :$bBarrington Publications]
=300  \\$av. :$bill. ;$c28 cm.
=310  \\$aBimonthly
=336  \\$atext$2rdacontent
=337  \\$aunmediated$2rdamedia
=338  \\$avolume$2rdacarrier
=362  1\$aBegan with Jan./Feb. 1975 issue.$zCf. New serial titles.
=362  1\$aCeased in 1976.
=540  \\$aBritish Library not licensed to copy$c0$5Uk
=650  \0$aRadiology, Medical$vPeriodicals.
=650  \0$aNuclear medicine$vPeriodicals.
=780  00$tApplied radiology$x0044-8451
=785  00$tApplied radiology (1976)$x0160-9963
=852  71$aBritish Library$bSTI$k(P)$hGQ 20$m-E(28)$2blsrissc$3[1975-1976]
=852  49$aBritish Library$bDSC$3See shelfmark 1576.570000 for vol. 2 (1973)-
=ACF  \\$aBritish Library not licensed to copy$c0$e01-jan-2013$hC$iCFP Excluded$5Uk
=CAT  \\$a8201$b40$c20101108$lBLL01$h1646
=CAT  \\$a8201$b40$c20101108$lBLL01$h1657
=CAT  \\$aBATCH-CLA$b00$c20121130$lBLL01$h1236
=CAT  \\$aIPL-CLA$c20121231$lBLL01$h1329
=CAT  \\$aIPL-CLA$c20130102$lBLL01$h1804
=CAT  \\$aBATCH-CLA$b00$c20130531$lBLL01$h1644
=CAT  \\$aIPL-CLA$c20130701$lBLL01$h0139
=CAT  \\$aBATCH-CLA$b00$c20131129$lBLL01$h1652
=CAT  \\$aIPL-CLA$c20140101$lBLL01$h0138
=CFI  0\$aBritish Library not licensed to copy$c0$e01-jan-2014$hC$iCFP Excluded$5Uk
=CFI  2\$aBritish Library not licensed to copy$c0$e01-jul-2013$hC$iCFP Excluded$5Uk
=FIN  \\$aY$d20101108
=FMT  \\$a  SE
=LAS  \\$aIPL-CLA$b00$c20140101$lBLL01$h0138
=LKR  \\$aPAR$b010462450$lBLL01$r78500$mApplied radiology and nuclear medicine$nApplied radiology (1976)
=SID  \\$aZ39$bOCLC
=TCO  \\$aTRS$bCCC$c008

