=LDR  02181 as a2200565 a 4500
=001  015689179
=003  Uk
=005  20101108165654.0
=007  ta
=008  750921d19721974caubr\p\\\\\\\0\\\a0eng\d
=010  \\$asn 79003542$z72622726
=022  0\$a0044-8451$l0044-8451$21
=035  \\$a(OCoLC)1642070
=040  \\$aMUL$cMUL$dNLM$dNSD$dDLC$dSER$dAIP$dNSD$dNST$dDLC$dOCLCQ$dUk
=042  \\$ansdp
=060  00$aW1$bAP528T
=082  04$a616.075705$222
=210  0\$aAppl. radiol.$b(1972)
=222  \0$aApplied radiology$b(1972)
=245  00$aApplied radiology.
=260  \\$a[Los Angeles :$bBarrington Publications]
=300  \\$a3 v. :$bill. ;$c28 cm.
=310  \\$aBimonthly
=336  \\$atext$2rdacontent
=337  \\$aunmediated$2rdamedia
=338  \\$avolume$2rdacarrier
=362  0\$aVol. 1 (Apr./May 1972)-v. 3 (Nov./Dec. 1974).
=540  \\$aBritish Library not licensed to copy$c0$5Uk
=650  \0$aRadiology, Medical$vPeriodicals.
=785  00$tApplied radiology and nuclear medicine$x0099-2364
=852  49$aBritish Library$bDSC$3See shelfmark 1576.570000 for vol. 2 (1973)-
=852  71$aBritish Library$bSTI$k(P)$hGQ 20$m-E(28)$2blsrissc$3Vol. 1 (Apr./May 1972)-[v. 3 (Nov./Dec. 1974)]
=ACF  \\$aBritish Library not licensed to copy$c0$e01-jan-2013$hC$iCFP Excluded$5Uk
=CAT  \\$a8201$b40$c20101108$lBLL01$h1652
=CAT  \\$a8201$b40$c20101108$lBLL01$h1656
=CAT  \\$aBATCH-CLA$b00$c20121130$lBLL01$h1235
=CAT  \\$aIPL-CLA$c20121231$lBLL01$h1329
=CAT  \\$aIPL-CLA$c20130102$lBLL01$h1804
=CAT  \\$aBATCH-CLA$b00$c20130531$lBLL01$h1649
=CAT  \\$aIPL-CLA$c20130701$lBLL01$h0139
=CAT  \\$aBATCH-CLA$b00$c20131129$lBLL01$h1652
=CAT  \\$aIPL-CLA$c20140101$lBLL01$h0138
=CFI  0\$aBritish Library not licensed to copy$c0$e01-jan-2014$hC$iCFP Excluded$5Uk
=CFI  2\$aBritish Library not licensed to copy$c0$e01-jul-2013$hC$iCFP Excluded$5Uk
=FIN  \\$aY$d20101108
=FMT  \\$a  SE
=LAS  \\$aIPL-CLA$b00$c20140101$lBLL01$h0138
=LKR  \\$aPAR$b015689173$lBLL01$r78500$nApplied radiology and nuclear medicine$mApplied radiology (1972)
=SID  \\$aZ39$bOCLC
=TCO  \\$aTRS$bCCC$c008

