=LDR  01727cam a2200481 a 4500
=001  015730389
=003  Uk
=005  20230331170530.0
=008  110106s2012\\\\flua\\\\\\\\\\000\0\eng|d
=010  \\$a2011032873  
=015  \\$aGBB107347$2bnb
=016  7\$a015730389$2Uk
=020  \\$a9780415802475 (hbk.) :$c£82.00
=020  \\$a0415802474 (hbk.) :$c£82.00
=040  \\$aStDuBDS$beng$cStDuBDS$dUk
=042  \\$aukblsr
=082  00$a621.381044$223
=245  10$aDC power supplies :$bpower management and surge protection for power electronic systems /$cNihal Kularatna.
=260  \\$aBoca Raton, Fla. :$bCRC ;$aLondon :$bTaylor & Francis [distributor],$c2012.
=300  \\$a1 v. (various pagings) :$bill. ;$c25 cm.
=336  \\$atext$2rdacontent
=337  \\$aunmediated$2rdamedia
=338  \\$avolume$2rdacarrier
=500  \\$aFormerly CIP.$5Uk
=504  \\$aIncludes bibliographical references and index.
=540  \\$aCurrent Copyright Fee: GBP34.00$c0$5Uk
=650  \0$aElectric circuits$xDirect current.
=650  \0$aPower electronics.
=700  1\$aKularatna, Nihal.
=852  11$aBritish Library$bSTI$k(B)$h621.31912
=852  41$aBritish Library$bDSC
=BUF  \\$aN$d20120210
=CAT  \\$aBATCH-CIPN$b00$c20110111$lBLL01$h1701
=CAT  \\$aBATCH$b00$c20110112$lBLL01$h1005
=CAT  \\$a10876$b40$c20120210$lBLL01$h1032
=CAT  \\$aBATCH-BUOC$b00$c20130110$lBLL01$h2248
=CAT  \\$aWR16_021$c20160701$lBLL01$h1808
=CAT  \\$aBATCH-CLAB$c20230324$lBLL01$h1342
=CAT  \\$aIPL-CLA$c20230331$lBLL01$h1705
=CFI  0\$aCurrent Copyright Fee: GBP34.00$c0$e01-apr-2023$fGBP34.00$g0$hC$5Uk
=FIN  \\$aY$d20120210
=FMT  \\$a  BK
=LAS  \\$aIPL-CLA$b00$c20230331$lBLL01$h1705

