=LDR  02503cam a2200649 a 4500
=001  015740168
=003  Uk
=005  20220331231404.0
=008  100924s2011\\\\njua\\\\\b\\\\001\0\eng\\
=010  \\$a2010041037  
=015  \\$aGBB113439$2bnb
=016  7\$a015740168$2Uk
=020  \\$a9780471710967 (hbk.) :$c£66.95
=020  \\$a0471710962 (hbk.) :$c£66.95
=020  \\$z9781118005743 (oBook)
=020  \\$z9781118005729 (ePDF)
=020  \\$z9781118005734 (ePub)
=040  \\$aStDuBDS$beng$cStDuBDS$dUk
=042  \\$aukblsr
=050  00$aRC268.4$bC3492 2011
=082  00$a616.994042$222
=245  00$aCancer epigenetics :$bbiomolecular therapeutics for human cancer /$cedited by Antonio Giordano, Marcella Macaluso.
=260  \\$aHoboken, N.J. :$bWiley-Blackwell,$cc2011.
=300  \\$axv, 390 p. :$bill. ;$c24 cm.
=336  \\$atext$2rdacontent
=337  \\$aunmediated$2rdamedia
=338  \\$avolume$2rdacarrier
=500  \\$aFormerly CIP.$5Uk
=504  \\$aIncludes bibliographical references and index.
=520  \\$a"Biomolecular Therapeutics for Human Cancer is the only resource to focus on biomolecular approaches to cancer therapy. Its presentation of the latest research in cancer biology reflects the interdisciplinary nature of the field and aims to facilitate collaboration between the basic, translational, and clinical sciences"--Provided by publisher.
=540  \\$aCurrent Copyright Fee: GBP32.00$c0$5Uk
=650  \0$aCancer$xGenetic aspects.
=650  \0$aCancer$xTreatment.
=650  \0$aEpigenesis.
=650  \0$aDNA$xMethylation.
=650  12$aNeoplasms$xgenetics.
=650  12$aNeoplasms$xtherapy.
=650  22$aDNA Methylation.
=650  22$aDrug Design.
=650  22$aEpigenesis, Genetic.
=650  22$aHistones$xmetabolism.
=700  1\$aGiordano, Antonio,$cMD.
=700  1\$aMacaluso, Marcella.
=852  11$aBritish Library$bSTI$k(B)$h616.994042
=852  41$aBritish Library$bDSC
=BUF  \\$aN$d20120829
=CAT  \\$aBATCH-CIPN$b00$c20110125$lBLL01$h1701
=CAT  \\$aBATCH$b00$c20110126$lBLL01$h1019
=CAT  \\$a6923$b40$c20120829$lBLL01$h0856
=CAT  \\$aBATCH-BUOC$b00$c20120906$lBLL01$h2117
=CAT  \\$aWR16_021$c20160701$lBLL01$h1810
=CAT  \\$aBATCH-CLAB$c20220330$lBLL01$h1617
=CAT  \\$aIPL-CLA$c20220331$lBLL01$h2314
=CFI  0\$aCurrent Copyright Fee: GBP32.00$c0$e01-apr-2022$fGBP32.00$g0$hC$5Uk
=FIN  \\$aY$d20120829
=FMT  \\$a  BK
=LAS  \\$aIPL-CLA$b00$c20220331$lBLL01$h2314

