=LDR  03611 as a2200661 a 4500
=001  015784178
=003  Uk
=005  20110404114301.0
=007  ta
=008  110404d19721992dk\\x\\\\\\\\\0\\\a0eng\\
=022  0\$a0105-3213$l0105-3213$2z
=040  \\$aUk$beng$cUk
=210  0\$aCoop. res. rep. - Int. Counc. Explor. Sea
=222  \0$aCooperative research report - International Council for the Exploration of the Sea
=245  00$aCooperative research report /$cInternational Council for the Exploration of the Sea.
=246  31$aRapport des recherches collectives$f-1992
=260  \\$aCharlottenlund :$bInternational Council for the Exploration of the Sea,$c1972-1992.
=300  \\$a150 v. :$bill. ;$c30 cm.
=310  \\$aIrregular
=336  \\$atext$2rdacontent
=337  \\$aunmediated$2rdamedia
=338  \\$avolume$2rdacarrier
=362  0\$aNo. 31 (Aug. 1972)-no. 180 (Feb. 1992).
=540  \\$aBritish Library not licensed to copy$c0$5Uk
=580  \\$aFormed by the merger of: International Council for the Exploration of the Sea. Cooperative research report. Series A; and: International Council for the Exploration of the Sea. Cooperative research report. Series B.
=650  \0$aOceanography.
=650  \0$aFisheries$xResearch.
=710  2\$aInternational Council for the Exploration of the Sea.
=780  14$aInternational Council for the Exploration of the Sea.$tCooperative research report. Series A$x0074-431X
=780  14$aInternational Council for the Exploration of the Sea.$tCooperative research report. Series B$x0374-8502
=785  00$tICES cooperative research report$x1017-6195
=852  71$aBritish Library$bSTI$k(P)$hEL 82$m-E(11)$2blsrissc$31972-1982; No.31-116.
=852  49$aBritish Library$bDSC$3See shelfmark 3464.890000 for vol. 34 (1973)-
=ACF  \\$aBritish Library not licensed to copy$c0$e01-apr-2012$hC$iCLA Excluded$5Uk
=ACF  \\$aBritish Library not licensed to copy$c0$e01-jan-2012$hC$iCLA Excluded$5Uk
=ACF  \\$aBritish Library not licensed to copy$c0$e01-oct-2011$hC$iCLA Excluded$5Uk
=CAT  \\$a8201$b40$c20110404$lBLL01$h1143
=CAT  \\$aBATCH-CLA$b00$c20110831$lBLL01$h1800
=CAT  \\$aIPL-CLA$c20110930$lBLL01$h1555
=CAT  \\$aBATCH-CLA$b00$c20111130$lBLL01$h1151
=CAT  \\$aIPL-CLA$c20111230$lBLL01$h2036
=CAT  \\$aBATCH-CLA$b00$c20120229$lBLL01$h1600
=CAT  \\$aIPL-CLA$c20120330$lBLL01$h1442
=CAT  \\$aBATCH-CLA$b00$c20120531$lBLL01$h1718
=CAT  \\$aIPL-CLA$c20120629$lBLL01$h1041
=CAT  \\$aBATCH-CLA$b00$c20120831$lBLL01$h1542
=CAT  \\$aIPL-CLA$c20120930$lBLL01$h2136
=CAT  \\$aBATCH-CLA$b00$c20121109$lBLL01$h1720
=CAT  \\$aWR12_128$c20121113$lBLL01$h1834
=CFI  0\$aBritish Library not licensed to copy$c0$e01-oct-2012$hC$iCFP Excluded$5Uk
=CFI  2\$aBritish Library not licensed to copy$c0$e01-jul-2012$hC$iCLA Excluded$5Uk
=FIN  \\$aY$d20110404
=FMT  \\$a  SE
=LAS  \\$aWR12_128$b00$c20121113$lBLL01$h1834
=LKR  \\$aPAR$b012408651$lBLL01$r78014$mCooperative research report - International Council for the Exploration of the Sea$nCooperative research report - International Council for the Exploration of the Sea. Series A.
=LKR  \\$aPAR$b012408652$lBLL01$r78014$mCooperative research report - International Council for the Exploration of the Sea$nCooperative research report - International Council for the Exploration of the Sea. Series B.
=LKR  \\$aPAR$b012408650$lBLL01$r78500$mCooperative research report - International Council for the Exploration of the Sea$nICES cooperative research report
=TCO  \\$aXXX$c008

