=LDR  01721pam a2200517 a 4500
=001  015794426
=003  Uk
=005  20111103134808.0
=008  110411s2011\\\\enk\\\\\\d\\\|0|0\0|eng|d
=015  \\$aGBB149312$2bnb
=016  7\$a015794426$2Uk
=020  \\$a9780550102379 (standard)
=020  \\$a055010237X (standard)
=020  \\$a9780550102416 (thumb index) :$c£50.00
=020  \\$a0550102418 (thumb index) :$c£50.00
=040  \\$aStDuBDS$beng$cStDuBDS$dUk
=042  \\$aukblsr
=082  04$a423$223
=245  04$aThe Chambers dictionary.
=250  \\$a12th ed.
=260  \\$aLondon :$bChambers,$c2011.
=300  \\$axxiv, 1848, 64 p. ;$c28 cm.
=336  \\$atext$2rdacontent
=337  \\$aunmediated$2rdamedia
=338  \\$avolume$2rdacarrier
=500  \\$aPrevious ed.: 2008.
=500  \\$aFormerly CIP.$5Uk
=650  \0$aEnglish language$vDictionaries.
=852  41$aBritish Library$bHMNTS$kOPL$hIndex
=852  41$aBritish Library$bHMNTS$cSPHOA$kHLD$mENG
=852  11$aBritish Library$bHMNTS$cSPHOA$kHLR$h423
=852  41$aBritish Library$bHMNTS$cSPHOA$kHUD$mENG
=852  41$aBritish Library$bHMNTS$kMaps Ref.$hB.2.(9.)
=852  11$aBritish Library$bHMNTS$kMSS$h423
=852  11$aBritish Library$bHMNTS$kOIA$h423
=852  41$aBritish Library$bHMNTS$kHLD$hENG
=852  41$aBritish Library$bHMNTS$kHUD$hENG
=852  41$aBritish Library$bHMNTS
=CAT  \\$aBATCH-CIPN$b00$c20110419$lBLL01$h1700
=CAT  \\$a11250$b40$c20111103$lBLL01$h1341
=CAT  \\$a11250$b40$c20111103$lBLL01$h1343
=CAT  \\$a11250$b40$c20111103$lBLL01$h1348
=CAT  \\$aWR16_021$c20160701$lBLL01$h1821
=FIN  \\$aY$d20111103
=FMT  \\$a  BK
=LAS  \\$aWR16_021$b00$c20160701$lBLL01$h1821

