=LDR  05250cas a2201105 a 4500
=001  015797023
=003  Uk
=005  20211231173131.0
=007  ta
=008  830513d19811992nyuar\\\\\\\\\1\\\a0eng\c
=010  \\$a85644294$zsn 83002131
=022  0\$a0738-100X$l0738-100X$y0146-7123$21
=035  \\$a(OCoLC)ocm09508687
=040  \\$aNSDP$cNSDP$dNST$dAIP$dNST$dDLC$dNST$dDLC$dInU$dDLC$dNST$dWaU$dOCoLC$dNST$dDLC$dMCM$dGU$dDLC$dMCM$dOCoLC$dMCM$dCaQQL$dTxCM$dCU-I$dOCoLC$dUk
=042  \\$ansdp$apcc
=050  00$aTA174$b.D46a
=050  14$aTJ212$b.D4
=082  04$a620/.00425/0285$219
=111  2\$aACM IEEE Design Automation Conference.
=210  0\$aProc.- ACM IEEE Des. Autom. Conf.
=222  \0$aProceedings - ACM IEEE Design Automation Conference
=245  10$aProceedings /$cACM IEEE Design Automation Conference.
=246  13$aProceedings of the Design Automation Conference$f<1983- >
=260  \\$aNew York, NY :$bInstitute of Electrical and Electronics Engineers,$c-c1992.
=300  \\$a12 v. :$bill. ;$c28 cm.
=310  \\$aAnnual
=336  \\$atext$2rdacontent
=337  \\$aunmediated$2rdamedia
=338  \\$avolume$2rdacarrier
=362  1\$aBegan in 1981.
=362  0\$a-29th (June 8-12, 1992).
=500  \\$aDescription based on: 19th (1982).
=540  \\$aCurrent Copyright Fee: GBP22.63$c0$5Uk
=550  \\$aVols. for -1992 sponsored by: ACM SIGDA, IEEE Computer Society DATC, in cooperation with: EDAC.
=590  \\$aSERBIB/SERLOC merged record
=650  \0$aEngineering design$xData processing$vCongresses.
=650  \0$aComputer-aided design$vCongresses.
=710  2\$aAssociation for Computing Machinery.
=710  2\$aInstitute of Electrical and Electronics Engineers.
=710  2\$aACM Special Interest Group on Design Automation.
=710  2\$aIEEE Computer Society.$bDesign Automation Technical Committee.
=710  2\$aElectronic Design Automation Companies.
=780  00$aDesign Automation Conference.$tProceedings - Design Automation Conference$x0146-7123
=785  00$aDesign Automation Conference.$sProceedings (1993)
=852  71$aBritish Library$bSTI$k(P)$hSW 64$m-E(1)$2blsrissc$3[16th (1981)]-29th (1992).
=852  41$aBritish Library$bDSC$3See shelfmark 3559.922500 for 12th (1975)-
=ACF  \\$aBritish Library not licensed to copy$c0$e01-jan-2013$hC$iCFP Excluded$5Uk
=ACF  \\$aBritish Library not licensed to copy$c0$e01-apr-2013$hC$iCFP Excluded$5Uk
=ACF  \\$aBritish Library not licensed to copy$c0$e01-jul-2013$hC$iCFP Excluded$5Uk
=ACF  \\$aBritish Library not licensed to copy$c0$e01-oct-2013$hC$iCFP Excluded$5Uk
=ACF  \\$aBritish Library not licensed to copy$c0$e01-jan-2014$hC$iCFP Excluded$5Uk
=ACF  \\$aPrevious Copyright Fee: GBP22.96$c0$e01-oct-2016$fGBP22.96$g0$hC$5Uk
=ACF  \\$aPrevious Copyright Fee: GBP24.80$c0$e01-apr-2017$fGBP24.80$g0$hC$5Uk
=ACF  \\$aPrevious Copyright Fee: GBP23.56$c0$e01-oct-2017$fGBP23.56$g0$hC$5Uk
=ACF  \\$aPrevious Copyright Fee: GBP23.85$c0$e01-jan-2018$fGBP23.85$g0$hC$5Uk
=ACF  \\$aPrevious Copyright Fee: GBP22.14$c0$e01-apr-2018$fGBP22.14$g0$hC$5Uk
=ACF  \\$aPrevious Copyright Fee: GBP23.85$c0$e01-oct-2018$fGBP23.85$g0$hC$5Uk
=ACF  \\$aPrevious Copyright Fee: GBP24.80$c0$e01-oct-2019$fGBP24.80$g0$hC$5Uk
=ACF  \\$aPrevious Copyright Fee: GBP23.85$c0$e01-apr-2020$fGBP23.85$g0$hC$5Uk
=ACF  \\$aPrevious Copyright Fee: GBP24.80$c0$e01-jul-2020$fGBP24.80$g0$hC$5Uk
=ACF  \\$aPrevious Copyright Fee: GBP23.08$c0$e01-apr-2021$fGBP23.08$g0$hC$5Uk
=ACF  \\$aPrevious Copyright Fee: GBP22.40$c0$e01-jul-2021$fGBP22.40$g0$hC$5Uk
=CAT  \\$a8201$b40$c20110426$lBLL01$h1117
=CAT  \\$aIPL-CLA$c20160930$lBLL01$h1632
=CAT  \\$aBATCH-CLA$b00$c20170228$lBLL01$h1632
=CAT  \\$aIPL-CLA$c20170331$lBLL01$h1910
=CAT  \\$aBATCH-CLA$b00$c20170831$lBLL01$h1633
=CAT  \\$aIPL-CLA$c20170929$lBLL01$h1756
=CAT  \\$aBATCH-CLA$b00$c20171130$lBLL01$h1715
=CAT  \\$aIPL-CLA$c20171231$lBLL01$h1807
=CAT  \\$aBATCH-CLA$b00$c20180228$lBLL01$h1647
=CAT  \\$aIPL-CLA$c20180331$lBLL01$h1654
=CAT  \\$aBATCH-CLA$b00$c20180831$lBLL01$h1629
=CAT  \\$aIPL-CLA$c20180930$lBLL01$h1513
=CAT  \\$aBATCH-CLA$b00$c20190909$lBLL01$h1720
=CAT  \\$aIPL-CLA$c20190930$lBLL01$h1649
=CAT  \\$aBATCH-CLA$b00$c20200228$lBLL01$h1638
=CAT  \\$aIPL-CLA$c20200331$lBLL01$h1626
=CAT  \\$aBATCH-CLA$b00$c20200529$lBLL01$h1538
=CAT  \\$aIPL-CLA$c20200701$lBLL01$h0111
=CAT  \\$aBATCH-CLA$b00$c20210227$lBLL01$h1016
=CAT  \\$aIPL-CLA$c20210331$lBLL01$h1857
=CAT  \\$aBATCH-CLA$b00$c20210528$lBLL01$h1529
=CAT  \\$aIPL-CLA$c20210704$lBLL01$h1123
=CAT  \\$aBATCH-CLA$b00$c20210917$lBLL01$h1607
=CAT  \\$aIPL-CLA$c20210930$lBLL01$h1656
=CAT  \\$aBATCH-CLA$b00$c20211203$lBLL01$h0819
=CAT  \\$aIPL-CLA$c20211231$lBLL01$h1731
=CFI  0\$aCurrent Copyright Fee: GBP22.63$c0$e01-jan-2022$fGBP22.63$g0$hC$5Uk
=CFI  2\$aPrevious Copyright Fee: GBP22.00$c0$e01-oct-2021$fGBP22.00$g0$hC$5Uk
=FIN  \\$aY$d20110426
=FMT  \\$a  SE
=LAS  \\$aIPL-CLA$b00$c20211231$lBLL01$h1731
=SID  \\$aZ39$bLOC
=TCO  \\$aTRS$bCCC$c008

