=LDR  01216 am a2200373 a 4500
=001  015801725
=003  Uk
=005  20140415161156.0
=008  110125m20102013bcc\\\\\\k\\\|000\0\eng\\
=020  \\$a9780986641701 (v. 1 : pbk.)
=020  \\$a0986641707 (v. 1 : pbk.)
=020  \\$a9780986641718 (v. 2 : pbk.)
=020  \\$a9780986641725 (v. 3 : pbk.)
=040  \\$aDLC$beng$cDLC$dUk
=042  \\$aukblsr
=082  04$a016.7816440266$223
=100  1\$aMcGrath, Bob.
=245  14$aThe soul discography :$ba discography of soul recordings /$ccompiled by Bob McGrath.
=260  \\$aWest Vancouver, B.C. :$bEyeball Productions,$cc2010-c2013.
=300  \\$a3 v. ;$c28 cm.
=336  \\$atext$2rdacontent
=337  \\$aunmediated$2rdamedia
=338  \\$avolume$2rdacarrier
=505  0\$av. 1. A-F -- v. 2. G-M -- v. 3. N-Z.
=650  \0$aSoul music$vDiscography.
=852  41$aBritish Library$bHMNTS
=852  11$aBritish Library$bHMNTS$cSPHOA$kHUS$h789.4400166
=CAT  \\$a11375$b40$c20110506$lBLL01$h1511
=CAT  \\$a6989$b40$c20111108$lBLL01$h0850
=CAT  \\$a6989$b40$c20140415$lBLL01$h1611
=FIN  \\$aY$d20111108
=FMT  \\$a  BK
=LAS  \\$a6989$b40$c20140415$lBLL01$h1611
=SID  \\$aZ39$bLOC

