=LDR  01343 as a2200373 a 4500
=001  015812965
=003  Uk
=005  20110524160427.0
=007  ta
=008  110524d19511980gw\mr\p\\\\\\\0\\\b0ger\\
=022  \\$a0013-743X$l0013-743X
=040  \\$aUk$beng$cUk
=082  04$a621.042$222
=210  0\$aEnergiewirtsch. Tagesfragen.
=222  \0$aEnergiewirtschaftliche Tagesfragen
=245  00$aEnergiewirtschaftliche Tagesfragen.
=260  \\$aFrankfurt [etc.] :$bEnergiewirtschaft und Technik Verlagsgesellschaft,$c1951-1980.
=300  \\$av.
=336  \\$atext$2rdacontent
=337  \\$aunmediated$2rdamedia
=338  \\$avolume$2rdacarrier
=362  0\$aJg. 1 (1951)-Jg. 30 (1980).
=650  \0$aElectricity$vPeriodicals
=650  \0$aGas$vPeriodicals
=650  \0$aPower resources$zGermany$vPeriodicals
=785  00$tET. Energiewirtschaftliche Tagesfragen$x0720-6240
=852  49$aBritish Library$bDSC$3See shelfmark 3746.080000
=852  71$aBritish Library$bSTI$k(P)$hSU 20$m-G(2)$2blsrissc$31960-1980 ; Jahrg. 9-30 ; Deficient: Jahrg. 14-19
=CAT  \\$a8201$b40$c20110524$lBLL01$h1604
=FIN  \\$aY$d20110524
=FMT  \\$a  SE
=LAS  \\$a8201$b40$c20110524$lBLL01$h1604
=LKR  \\$aPAR$b007851512$lBLL01$r78500$mEnergiewirtschaftliche Tagesfragen$nET. Energiewirtschaftliche Tagesfragen
=TCO  \\$aDEU$bVG WORT$c008

