=LDR  02416 am a2200649 a 4500
=001  015825335
=003  Uk
=005  20130429145331.0
=008  101202m20099999au\a\\\\\b\\\\000\0beng\d
=010  \\$a2011409469
=020  \\$a9783950050202 (v. 4)
=020  \\$a9783950050288 (v. 1 : 1st ed. : pbk.)
=020  \\$a3950050280 (v. 1 : 1st ed. : pbk.)
=020  \\$a9783950050295 (v. 1 : 2nd ed. : pbk.)
=020  \\$a9783950050219 (v. 2 : pbk.)
=020  \\$a9783950050226 (v. 3 : pbk.)
=035  \\$a(OCoLC)ocn688621358
=035  \\$a(OCoLC)688621358
=040  \\$aZCU$beng$cZCU$dDLC$dUk
=041  0\$aeng$ager
=042  \\$aukblsr
=043  \\$ae-gw---
=050  \4$aML3792.L56$bL55 2009
=082  04$a338.761780266$223
=245  04$aThe Lindström project :$bcontributions to the history of the record industry = Beiträge zur Geschichte der Schallplattenindustrie /$cPekka Gronow, Christiane Hofer (eds.).
=260  \\$aWien :$bGesellschaft für Historische Tonträger,$c2009-
=300  \\$av. :$bill. (some col.) ;$c30 cm.
=336  \\$atext$2rdacontent
=337  \\$aunmediated$2rdamedia
=338  \\$avolume$2rdacarrier
=504  \\$aIncludes bibliographical references.
=546  \\$aText in English and German.
=600  10$aLindström, Carl Elof,$d1869-1932.
=610  20$aCarl Lindström A.-G.$xHistory.
=650  \0$aSound recording industry$xHistory$y20th century.
=650  \0$aSound recording industry$zGermany$xHistory$x20th century.
=650  \0$aSound engineers$zGermany$vBiography.
=650  \0$aBusinessmen$zGermany$vBiography.
=690  7\$aManagement and Business Studies$2blcoll
=700  1\$aGronow, Pekka.
=700  1\$aHofer, Christiane.
=710  2\$aGesellschaft für Historische Tonträger.
=852  41$aBritish Library$bHMNTS
=852  11$aBritish Library$bHMNTS$cSPHOA$kHUS$h338.76178
=CAT  \\$a11375$b40$c20110614$lBLL01$h1546
=CAT  \\$aBATCH-UPD$b40$c20110614$lBLL01$h1546
=CAT  \\$a5512$b40$c20110721$lBLL01$h1233
=CAT  \\$aBATCH-UPD$b40$c20110721$lBLL01$h1234
=CAT  \\$a5521$b40$c20110810$lBLL01$h1536
=CAT  \\$a5521$b40$c20110824$lBLL01$h0856
=CAT  \\$a5447$b40$c20110902$lBLL01$h1050
=CAT  \\$aBATCH-MBS$c20110930$lBLL01$h2112
=CAT  \\$a8157$b40$c20130429$lBLL01$h1453
=FIN  \\$aY$d20110810
=FMT  \\$a  BK
=LAS  \\$a8157$b40$c20130429$lBLL01$h1453
=SID  \\$aZ39$bLOC

