=LDR  02234pam a2200493 a 4500
=001  015840973
=003  Uk
=005  20130327153337.0
=008  110607s2012\\\\ne\a\\\\\b\\\\001\0\eng\d
=010  \\$a  2011931448
=015  \\$aGBB180344$2bnb
=016  7\$a015840973$2Uk
=020  \\$a9780123869364 (hbk.) :$c£79.00
=020  \\$a0123869366 (hbk.) :$c£79.00
=035  \\$a(OCoLC)ocn751829478
=040  \\$aStDuBDS$beng$cStDuBDS$dUk
=042  \\$aukblsr
=050  00$aTK2931$b.P648 2012
=082  04$a621.312429$222
=245  00$aPolymer electrolyte fuel cell degradation /$c[edited by] Matthew M. Mench, Emin Caglan Kumbur, T. Nejat Veziroglu.
=260  \\$aAmsterdam ;$aBoston :$bAcademic Press,$c2012.
=300  \\$axi, 460 p. :$bill. ;$c24 cm.
=336  \\$atext$2rdacontent
=337  \\$aunmediated$2rdamedia
=338  \\$avolume$2rdacarrier
=500  \\$aFormerly CIP.$5Uk
=504  \\$aIncludes bibliographical references and index.
=520  \\$aFor full market implementation of PEM fuel cells to become a reality, two main limiting technical issues must be overcome- cost and durability. This cutting-edge volume directly addresses the state-of-the-art advances in durability within every fuel cell stack component. [...] chapters on durability in the individual fuel cell components -- membranes, electrodes, diffusion media, and bipolar plates -- highlight specific degradation modes and mitigation strategies. The book also includes chapters which synthesize the component-related failure modes to examine experimental diagnostics, computational modeling, and laboratory protocol"--Back cover.
=650  \0$aFuel cells.
=650  \0$aFuel cells$xReliability.
=650  \0$aPolyelectrolytes.
=700  1\$aMench, Matthew M.
=700  1\$aKumbur, Emin Caglan.
=700  1\$aVeziroğlu, T. Nejat.
=852  11$aBritish Library$bSTI$k(B)$h621.312429
=852  41$aBritish Library$bDSC
=CAT  \\$aBATCH-CIPN$b00$c20110705$lBLL01$h1700
=CAT  \\$aBATCH-UPD$b00$c20110705$lBLL01$h1701
=CAT  \\$a5512$b40$c20130327$lBLL01$h1533
=CAT  \\$aWR16_021$c20160702$lBLL01$h1807
=FIN  \\$aY$d20130327
=FMT  \\$a  BK
=LAS  \\$aWR16_021$b00$c20160702$lBLL01$h1807
=SRC  \\$aBLL02

