=LDR  01918 am a2200481 i 4500
=001  015848240
=003  Uk
=005  20170907145641.0
=008  110714s2009\\\\enkaf\\\\b\\\\101\0\eng\\
=015  \\$aGBB500371$2bnb
=016  7\$a015848240$2Uk
=020  \\$a9780954527266 (set)
=040  \\$aUk$beng$cUk$erda
=042  \\$aukblsr
=082  04$a676$223
=111  2\$aFundamental Research Symposium$n(14th :$d2009 :$cOxford, England)
=245  10$aAdvances in pulp and paper research :$btransactions of the 14th fundamental research symposium held in Oxford: September 2009 in three volumes /$cedited by S.J. I'Anson.
=264  \1$aBury :$bThe Pulp & Paper Fundamental Research Society,$c2009.
=300  \\$a3 volumes (1602 pages, 24 pages of plates) :$billustrations (black and white, and colour) ;$c22 cm
=336  \\$atext$2rdacontent
=337  \\$aunmediated$2rdamedia
=338  \\$avolume$2rdacarrier
=504  \\$aIncludes bibliographical references and index.
=530  \\$aAlso issued on CD-ROM.
=650  \0$aPaper$vCongresses.
=650  \0$aFibers$vCongresses.
=650  \0$aPapermaking$vCongresses.
=650  \0$aWood-pulp industry$vCongresses.
=650  \0$aPapermaking$xResearch$vCongresses.
=700  1\$aI'Anson, S. J.,$eeditor.
=710  2\$aPulp and Paper Fundamental Research Society,$epublisher.
=852  11$aBritish Library$bSTI$k(B)$h676$qComplete set vols 1-3. Copy at (B)676. Imperfect copy - Replacement not available.
=852  41$aBritish Library$bDSC
=CAT  \\$a7203$b40$c20110714$lBLL01$h0903
=CAT  \\$a6923$b40$c20140612$lBLL01$h1029
=CAT  \\$a11070$b40$c20150106$lBLL01$h1154
=CAT  \\$a11070$b40$c20150106$lBLL01$h1558
=CAT  \\$aWR16_021$c20160702$lBLL01$h1809
=CAT  \\$a8250$b40$c20170517$lBLL01$h1207
=CAT  \\$a8250$b40$c20170907$lBLL01$h1456
=FIN  \\$aY$d20150106
=FMT  \\$a  BK
=LAS  \\$a8250$b40$c20170907$lBLL01$h1456

