=LDR  01775 as a2200469 a 4500
=001  015872700
=003  Uk
=005  20110822112251.0
=007  ta
=008  110822c20119999enkuu\p\\\\\\\0\\\a0eng\\
=015  \\$aGBB198254$2bnb
=040  \\$aUk$beng$cUk
=042  \\$aukblsr
=082  04$a338.4768505$223
=245  00$aLeather naturally!
=246  3\$aLeatherNaturally!
=260  \\$a[S.l.] :$bGlobal Trade Media,$c[2011]-
=300  \\$av. :$bcol. ill.; col. ports. ;$c30 cm.
=336  \\$atext$2rdacontent
=337  \\$aunmediated$2rdamedia
=338  \\$avolume$2rdacarrier
=362  1\$aBegan with: Issue 1 (Jan./Feb. 2011).
=500  \\$a"A leather international publication in assication with Sustainable Leather Management by Lanxess".
=540  \\$aCurrent Copyright Fee: GBP12.00$c0$5Uk
=588  \\$aDescription based on: Issue 3 (summer 2011).
=650  \0$aLeather industry and trade$vPeriodicals.
=690  7\$aManagement and Business Studies$2blcoll
=772  0\$tLeather international$x1473-6314
=852  11$aBritish Library$bSTI$cBIPC$k(P)$h338.4768505$m-E(2) Business$3Issue 3 (2011)-Issue 11 (Spring 2016)***Last 4 years
=852  \\$aBritish Library$bDSC
=CAT  \\$a5997$b40$c20110822$lBLL01$h1046
=CAT  \\$a5997$b40$c20110822$lBLL01$h1120
=CAT  \\$a5997$b40$c20110822$lBLL01$h1122
=CAT  \\$aBATCH-MBS$c20120713$lBLL01$h2104
=CAT  \\$aBATCH-CLA$b00$c20120928$lBLL01$h1837
=CAT  \\$aBATCH-CLA$b00$c20120930$lBLL01$h1047
=CFI  0\$aCurrent Copyright Fee: GBP12.00$c0$e01-jul-2012$fGBP12.00$g0$hC$5Uk
=FIN  \\$aY$d20110822
=FMT  \\$a  SE
=LAS  \\$aBATCH-CLA$b00$c20120930$lBLL01$h1047
=LKR  \\$aPAR$b011648783$lBLL01$nLeather international$mLeather naturally!$r772
=TCO  \\$aCLA$bCLA$c008

