=LDR  03912cam a2200805 a 4500
=001  015904456
=003  Uk
=005  20160224111204.0
=008  110930m20122015gw\a\\\\\b\\\|0|0\0|eng|d
=015  \\$aGBB1B6745$2bnb
=016  7\$a015904456$2Uk
=020  \\$a9783642227974 (subvol. A) :$c£4041.00
=020  \\$a364222797X (subvol. A) :$c£4041.00
=020  \\$a9783642229299 (subvol. B) :$c£4041.00
=020  \\$a3642229298 (subvol. B) :$c£4041.00
=020  \\$a9783642306921 (subvol. C) :$c£4491.00
=020  \\$a9783642306983 (subvol. E) :$c£4491.00
=020  \\$a9783662478004 (subvol. F)
=020  \\$a9783662488737 (subvol. G) :$c£3599.50
=020  \\$a9783662487457 (subvol. H) :$c£3599.50
=040  \\$aStDuBDS$beng$cStDuBDS$dUk
=042  \\$aukblsr
=082  04$a539.7$223
=245  00$aExcited nuclear states /$cS.I. Sukhoruchkin, Z.N. Soroko ; edited by Herwig Schopper.
=260  \\$aBerlin ;$a[London] :$bSpringer,$cc2012-c2015.
=300  \\$a6 v. :$bill. ;$c28 cm.
=336  \\$atext$2rdacontent
=337  \\$aunmediated$2rdamedia
=338  \\$avolume$2rdacarrier
=490  1\$aLandolt-Börnstein numerical data and functional relationships in science and technology, new series. Group I, Elementary particles, nuclei and atoms,$x1615-1844 ;$vv. 25
=500  \\$aFormerly CIP.$5Uk
=504  \\$aIncludes bibliographical references.
=505  0\$asubvol. A. Nuclei with Z = 1 - 29 / S.I. Sukhoruchkin, Z.N. Soroko and A.M. Sukhovoj, V.A. Khitrov -- subvol. B. Nuclei with Z = 30 - 47 / S.I. Sukhoruchkin, Z.N. Soroko and P. Descouvemont, U. Kneissl, A. Zilges -- subvol. C. Nuclei with Z = 48 - 60 / S.I. Sukhoruchkin, Z.N. Soroko and I. Tomandl -- subvol. E. Nuclei with Z = 74 - 103 / S.I. Sukhoruchkin, Z.N. Soroko -- subvol. F. Supplement to I/25 A-E / S.I. Sukhoruchkin, Z.N. Soroko -- subvol. G. Supplement to I/25 A-F / S.I. Sukhoruchkin, Z.N. Soroko -- subvol. H. Supplement to I/25 A-G / S.I. Sukhoruchkin, Z.N. Soroko.
=650  \0$aNuclear excitation$vTables.
=700  1\$aSukhoruchkin, S. I.
=700  1\$aSoroko, Z. N.
=700  1\$aSchopper, Herwig F.
=830  \0$aZahlenwerte und Funktionen aus Naturwissenschaften und Technik, neue Serie, Gesamtherausgabe.$nGroup I,$pElementary particles, nuclei and atoms ;$vv. 25.
=852  71$aBritish Library$bSTI$k(TB)$hJ 07$2blsrissc
=852  71$aBritish Library$bSTI$k(B)$hJ 07$2blsrissc
=852  71$aBritish Library$bSTI$k(TB)$hJ 07$2blsrissc
=852  71$aBritish Library$bSTI$k(B)$hJ 07$2blsrissc
=852  71$aBritish Library$bSTI$k(TB)$hJ 07$2blsrissc
=852  71$aBritish Library$bSTI$k(B)$hJ 07$2blsrissc
=852  71$aBritish Library$bSTI$k(TB)$hJ 07$2blsrissc
=852  71$aBritish Library$bSTI$k(B)$hJ 07$2blsrissc
=852  71$aBritish Library$bSTI$k(TB)$hJ 07$2blsrissc
=852  71$aBritish Library$bSTI$k(B)$hJ 07$2blsrissc
=852  71$aBritish Library$bSTI$k(TB)$hJ 07$2blsrissc
=852  71$aBritish Library$bSTI$k(B)$hJ 07$2blsrissc
=852  71$aBritish Library$bSTI$k(TB)$hJ 07$2blsrissc
=852  71$aBritish Library$bSTI$k(B)$hJ 07$2blsrissc
=852  11$aBritish Library$bSTI
=CAT  \\$aBATCH-CIPN$b00$c20111004$lBLL01$h1701
=CAT  \\$a6098$b40$c20120206$lBLL01$h1537
=CAT  \\$a11250$b40$c20120216$lBLL01$h1134
=CAT  \\$a11250$b40$c20120216$lBLL01$h1138
=CAT  \\$a6098$b40$c20130228$lBLL01$h1051
=CAT  \\$a11250$b40$c20130311$lBLL01$h0938
=CAT  \\$a11250$b40$c20150909$lBLL01$h0825
=CAT  \\$a6098$b40$c20150909$lBLL01$h1100
=CAT  \\$a6098$b40$c20160209$lBLL01$h1225
=CAT  \\$a6098$b40$c20160217$lBLL01$h1409
=CAT  \\$a11250$b40$c20160222$lBLL01$h1407
=CAT  \\$a11250$b40$c20160222$lBLL01$h1413
=CAT  \\$a11250$b40$c20160224$lBLL01$h1112
=CAT  \\$aWR16_021$c20160702$lBLL01$h1820
=FIN  \\$aY$d20120216
=FMT  \\$a  BK
=LAS  \\$aWR16_021$b00$c20160702$lBLL01$h1820

