=LDR  01600 as a2200409ua 4500
=001  016024937
=003  Uk
=005  20120206152013.0
=007  ta
=008  910117d19601967enkwr\pe\\\\\\0\\\a0eng\d
=035  \\$a(OCoLC)5313690 from cmdo0830
=035  \\$a(UkOxU)10741299
=038  \\$aOCoLC
=040  \\$aNOC$cNOC$dBTI$dNYG$dm.c.$dIXA$dNSD$dUk
=245  04$aThe listener and BBC television review.
=260  \\$a[London :$bBritish Broadcasting Corporation],$c1960-1967.
=300  \\$av. :$bill. ;$c32 cm.
=310  \\$aWeekly
=336  \\$atext$2rdacontent
=337  \\$aunmediated$2rdamedia
=338  \\$avolume$2rdacarrier
=362  0\$aVol. 63, no. 1606 (Jan. 7, 1960)-v. 78, no. 2000 (July 27, 1967).
=650  \0$aRadio addresses, debates, etc.$vPeriodicals.
=650  \0$aRadio broadcasting$vPeriodicals.
=650  \0$aTelevision$vPeriodicals.
=710  2\$aBritish Broadcasting Corporation.
=780  00$tListener
=785  00$tListener (British Broadcasting Corporation : 1967)$x0024-4392
=852  11$aBritish Library$bHMNTS$cSPHOA$kHUS$h050.$31960-1967; Deficient: 1961, vol. 65, nos. 1658-1685 (Jan-Jul 13).***Also on microfilm: 1929-1979.
=852  49$aBritish Library$bDSC$3See shelfmark 5275.700000 for vol. 1 (1929)-v. 125//No. 3197 (1991).***UKRR Retained Title
=CAT  \\$a6550$b40$c20120206$lBLL01$h1519
=CAT  \\$a6550$b40$c20120206$lBLL01$h1520
=FIN  \\$aY$d20120206
=FMT  \\$a  SE
=LAS  \\$a6550$b40$c20120206$lBLL01$h1520
=LKR  \\$aPAR$b008880547$lBLL01$r78000$mThe listener and BBC television review.$nThe listener.
=SID  \\$aZ39$bRLUK

