=LDR  04927cas a2201021 a 4500
=001  016055404
=003  Uk
=005  20211231173232.0
=007  ta
=008  760128d19731997xxuar\p\\\\\\\1\\\a0eng\\
=019  0\$as135638003
=022  0\$a0190-5848
=040  \\$aUk$cUk$dUk
=082  04$a620.00711$223
=084  \\$aAJ 70$2blsrissc
=084  \\$aAK 14$2blsrissc
=111  2\$aFrontiers in Education Conference.
=210  0\$aProc.- Front. Educ. Conf.
=222  \0$aProceedings - Frontiers in Education Conference
=245  10$aProceedings /$cFrontiers in Education Conference.
=246  30$aFrontiers in education
=246  14$aProceedings of Frontiers in Education, FIE, Annual Conference$f<19>-96
=260  \\$aNew York :$bInstitute of Electrical and Electronics Engineers,$c1971-1997.
=300  \\$a25 v. :$bill. ;$c28 cm.
=310  \\$aAnnual
=336  \\$atext$2rdacontent
=337  \\$aunmediated$2rdamedia
=338  \\$avolume$2rdacarrier
=362  0\$a3rd (1973)-27th (1997).
=500  \\$aSome vols. have also a distinctive title.
=500  \\$a4th, 1974, also in Library as "Institution of Electrical Engineers, Conference publication", no. 115.
=500  \\$aSponsored by Education Group of IEEE and the Educational Research and Methods Division of American Society for Engineering Education and various other bodies.
=540  \\$aCurrent Copyright Fee: GBP22.63$c0$5Uk
=650  \0$aEngineering$xStudy and teaching$vCongresses.
=710  2\$aIEEE Education Society.
=710  2\$aIEEE Education Group.
=710  2\$aAmerican Society for Engineering Education.$bEducational Research and Methods Division.
=780  00$aIEEE Conference on Frontiers in Education.$tProceedings of the Conference on Frontiers in Education$x0190-583X
=785  00$aFrontiers in Education Conference.$tConference proceedings$x1539-4565
=852  71$aBritish Library$bSTI$k(P)$hAJ 70$m-E(2)$2blsrissc$33rd (1973)-27th (1997)
=852  49$aBritish Library$bDSC$3See shelfmark 4042.010000 for 1971-35th (2005)
=ACF  \\$aBritish Library not licensed to copy$c0$e01-jan-2013$hC$iCFP Excluded$5Uk
=ACF  \\$aBritish Library not licensed to copy$c0$e01-jan-2014$hC$iCFP Excluded$5Uk
=ACF  \\$aPrevious Copyright Fee: GBP22.96$c0$e01-oct-2016$fGBP22.96$g0$hC$5Uk
=ACF  \\$aPrevious Copyright Fee: GBP24.80$c0$e01-apr-2017$fGBP24.80$g0$hC$5Uk
=ACF  \\$aPrevious Copyright Fee: GBP23.56$c0$e01-oct-2017$fGBP23.56$g0$hC$5Uk
=ACF  \\$aPrevious Copyright Fee: GBP23.85$c0$e01-jan-2018$fGBP23.85$g0$hC$5Uk
=ACF  \\$aPrevious Copyright Fee: GBP22.14$c0$e01-apr-2018$fGBP22.14$g0$hC$5Uk
=ACF  \\$aPrevious Copyright Fee: GBP23.85$c0$e01-oct-2018$fGBP23.85$g0$hC$5Uk
=ACF  \\$aPrevious Copyright Fee: GBP24.80$c0$e01-oct-2019$fGBP24.80$g0$hC$5Uk
=ACF  \\$aPrevious Copyright Fee: GBP23.85$c0$e01-apr-2020$fGBP23.85$g0$hC$5Uk
=ACF  \\$aPrevious Copyright Fee: GBP24.80$c0$e01-jul-2020$fGBP24.80$g0$hC$5Uk
=ACF  \\$aPrevious Copyright Fee: GBP23.08$c0$e01-apr-2021$fGBP23.08$g0$hC$5Uk
=ACF  \\$aPrevious Copyright Fee: GBP22.40$c0$e01-jul-2021$fGBP22.40$g0$hC$5Uk
=CAT  \\$a8201$b40$c20120323$lBLL01$h1435
=CAT  \\$aIPL-CLA$c20160930$lBLL01$h1636
=CAT  \\$aBATCH-CLA$b00$c20170228$lBLL01$h1628
=CAT  \\$aIPL-CLA$c20170331$lBLL01$h1913
=CAT  \\$aBATCH-CLA$b00$c20170831$lBLL01$h1627
=CAT  \\$aIPL-CLA$c20170929$lBLL01$h1759
=CAT  \\$aBATCH-CLA$b00$c20171130$lBLL01$h1709
=CAT  \\$aIPL-CLA$c20171231$lBLL01$h1812
=CAT  \\$aBATCH-CLA$b00$c20180228$lBLL01$h1641
=CAT  \\$aIPL-CLA$c20180331$lBLL01$h1659
=CAT  \\$aBATCH-CLA$b00$c20180831$lBLL01$h1626
=CAT  \\$aIPL-CLA$c20180930$lBLL01$h1514
=CAT  \\$aBATCH-CLA$b00$c20190909$lBLL01$h1716
=CAT  \\$aIPL-CLA$c20190930$lBLL01$h1651
=CAT  \\$aBATCH-CLA$b00$c20200228$lBLL01$h1635
=CAT  \\$aIPL-CLA$c20200331$lBLL01$h1628
=CAT  \\$aBATCH-CLA$b00$c20200529$lBLL01$h1533
=CAT  \\$aIPL-CLA$c20200701$lBLL01$h0112
=CAT  \\$aBATCH-CLA$b00$c20210227$lBLL01$h1009
=CAT  \\$aIPL-CLA$c20210331$lBLL01$h1859
=CAT  \\$aBATCH-CLA$b00$c20210528$lBLL01$h1524
=CAT  \\$aIPL-CLA$c20210704$lBLL01$h1124
=CAT  \\$aBATCH-CLA$b00$c20210917$lBLL01$h1602
=CAT  \\$aIPL-CLA$c20210930$lBLL01$h1656
=CAT  \\$aBATCH-CLA$b00$c20211203$lBLL01$h0813
=CAT  \\$aIPL-CLA$c20211231$lBLL01$h1732
=CFI  0\$aCurrent Copyright Fee: GBP22.63$c0$e01-jan-2022$fGBP22.63$g0$hC$5Uk
=CFI  2\$aPrevious Copyright Fee: GBP22.00$c0$e01-oct-2021$fGBP22.00$g0$hC$5Uk
=FIN  \\$aY$d20120323
=FMT  \\$a  SE
=LAS  \\$aIPL-CLA$b00$c20211231$lBLL01$h1732
=LEO  \\$aMP25.0000037226
=LKR  \\$aPAR$b008537377$lBLL01$r78500$mProceedings - Frontiers in Education Conference$nConference proceedings - Frontiers in Education Conference
=SRC  \\$aSRI01$bbibmp25.200404.2.aa

