=LDR  02859 as a2200577 a 4500
=001  016055413
=003  Uk
=005  20120323144507.0
=007  ta
=008  790507d19721972nyuar\\\\\\\\\1\\\a0eng\\
=010  \\$a79640911
=022  0\$a0190-583X$l0190-583X$21
=035  \\$a(OCoLC)ocm04937397
=037  \\$bInstitute of Electrical and Electronics Engineers, 345 E. 47th St., New York, 10017
=040  \\$aDLC$cDLC$dNSDP$dOCoLC$dDLC$dNST$dWaU$dOCoLC$dAMAZN$dOCoLC$dUk
=050  00$aT62$b.I24a
=082  04$a620.00711$223
=111  2\$aIEEE Conference on Frontiers in Education.
=222  \0$aProceedings of the Conference on Frontiers in Education
=245  10$aProceedings of the Conference on Frontiers in Education.
=260  \\$a[New York,$bInstitute of Electrical and Electronics Engineers]
=300  \\$a1 v. :$bill. ;$c28 cm.
=336  \\$atext$2rdacontent
=337  \\$aunmediated$2rdamedia
=338  \\$avolume$2rdacarrier
=362  0\$a1972.
=530  \\$aAlso issued online.
=540  \\$aBritish Library not licensed to copy$c0$5Uk
=550  \\$aSponsored by the Education Group of the IEEE, the College of Engineering, University of Arizona, and the Tucson Section of the IEEE with the participation of the Electrical Engineering Division, ASEE and the Educational Research and Methods Division, ASEE.
=650  \0$aEngineering$xStudy and teaching$vCongresses.
=710  2\$aIEEE Education Group.
=710  2\$aUniversity of Arizona.$bCollege of Engineering.
=710  2\$aInstitute of Electrical and Electronics Engineers.$bTucson Section.
=776  08$iOnline version:$aIEEE Conference on Frontiers in Education.$tProceedings of the Conference on Frontiers in Education
=780  00$aIEEE Conference on Frontiers in Education.$tDigest of technical papers - IEEE Conference on Frontiers in Education$x0069-8547
=785  00$aFrontiers in Education Conference.$tProceedings - Frontiers in Education Conference$x0190-5848
=852  49$aBritish Library$bDSC$3See shelfmark 4042.010000 for 1971-35th (2005)
=852  71$aBritish Library$bSTI$k(P)$hAJ 70$m-E(2)$2blsrissc$32nd, 1972
=CAT  \\$a8201$b40$c20120323$lBLL01$h1445
=CAT  \\$aBATCH-CLA$b00$c20121130$lBLL01$h1237
=CAT  \\$aIPL-CLA$c20121231$lBLL01$h1335
=CAT  \\$aIPL-CLA$c20130102$lBLL01$h1815
=CAT  \\$aBATCH-CLA$b00$c20131129$lBLL01$h1653
=CAT  \\$aIPL-CLA$c20140101$lBLL01$h0158
=CFI  0\$aBritish Library not licensed to copy$c0$e01-jan-2014$hC$iCFP Excluded$5Uk
=CFI  2\$aBritish Library not licensed to copy$c0$e01-jan-2013$hC$iCFP Excluded$5Uk
=FIN  \\$aY$d20120323
=FMT  \\$a  SE
=LAS  \\$aIPL-CLA$b00$c20140101$lBLL01$h0158
=LKR  \\$aPAR$b016055404$lBLL01$r78500$mProceedings of the Conference on Frontiers in Education$nProceedings - Frontiers in Education Conference
=SID  \\$aZ39$bLOC

