=LDR  02068 as a2200493 a 4500
=001  016055419
=003  Uk
=005  20120323144856.0
=007  ta
=008  790228d19711971nyuar\\\\\\\\\1\\\a0eng\\
=010  \\$a79640915
=022  0\$a0069-8547$l0069-8547$21
=035  \\$a(OCoLC)ocm04698354
=040  \\$aDLC$cDLC$dNSDP$dDLC$dOCoLC$dNST$dWaU$dOCoLC$dUk
=050  00$aT62$b.I24a
=082  04$a620.00711$223
=111  2\$aIEEE Conference on Frontiers in Education.
=222  \0$aDigest of technical papers - IEEE Conference on Frontiers in Education
=245  10$aDigest of technical papers.
=260  \\$a[New York :$bInstitute of Electrical and Electronics Engineers]
=300  \\$a1 v. :$bill. ;$c28 cm.
=336  \\$atext$2rdacontent
=337  \\$aunmediated$2rdamedia
=338  \\$avolume$2rdacarrier
=362  0\$a1971.
=540  \\$aBritish Library not licensed to copy$c0$5Uk
=650  \0$aEngineering$xStudy and teaching$vCongresses.
=710  2\$aInstitute of Electrical and Electronics Engineers.
=785  00$aIEEE Conference on Frontiers in Education.$tProceedings of the Conference on Frontiers in Education$x0190-583X
=852  49$aBritish Library$bDSC$3See shelfmark 4042.010000 for 1971-35th (2005)
=852  71$aBritish Library$bSTI$k(P)$hAJ 70$m-E(2)$2blsrissc$31st, 1971
=CAT  \\$a8201$b40$c20120323$lBLL01$h1448
=CAT  \\$aBATCH-CLA$b00$c20121130$lBLL01$h1236
=CAT  \\$aIPL-CLA$c20121231$lBLL01$h1335
=CAT  \\$aIPL-CLA$c20130102$lBLL01$h1815
=CAT  \\$aBATCH-CLA$b00$c20131129$lBLL01$h1652
=CAT  \\$aIPL-CLA$c20140101$lBLL01$h0158
=CFI  0\$aBritish Library not licensed to copy$c0$e01-jan-2014$hC$iCFP Excluded$5Uk
=CFI  2\$aBritish Library not licensed to copy$c0$e01-jan-2013$hC$iCFP Excluded$5Uk
=FIN  \\$aY$d20120323
=FMT  \\$a  SE
=LAS  \\$aIPL-CLA$b00$c20140101$lBLL01$h0158
=LKR  \\$aPAR$b016055413$lBLL01$r78500$mDigest of technical papers - IEEE Conference on Frontiers in Education$nProceedings of the Conference on Frontiers in Education
=SID  \\$aZ39$bLOC

