=LDR  01779cam a2200505 a 4500
=001  016198898
=003  Uk
=005  20130705100853.0
=008  121026s2013\\\\nyua\\\\\b\\\\001\0\eng|d
=015  \\$aGBB2A8909$2bnb
=016  7\$a016198898$2Uk
=020  \\$a9780071770583 (hbk.) :$c£80.99
=040  \\$aStDuBDS$beng$cStDuBDS$dUk
=042  \\$aukblcatcopy
=082  04$a387.736$223
=100  1\$aDe Neufville, Richard,$d1939-
=245  10$aAirport systems :$bplanning, design, and management /$cRichard de Neufville, Amedeo R. Odoni ; with contributions by Peter Belobaba and Tom Reynolds.
=250  \\$aSecond edition.
=260  \\$aNew York :$bMcGraw-Hill Education,$c[2013]
=300  \\$axxvii, 782 pages :$billustrations ;$c24 cm
=336  \\$atext$2rdacontent
=337  \\$aunmediated$2rdamedia
=338  \\$avolume$2rdacarrier
=500  \\$aFormerly CIP.$5Uk
=504  \\$aIncludes bibliographical references and index.
=650  \0$aAirports$xPlanning.
=650  \0$aAirports$xDesign and construction.
=650  \0$aAirports$xManagement.
=700  1\$aOdoni, Amedeo R.
=700  1\$aBelobaba, Peter.
=700  1\$aReynolds, Tom$q(Tom G.).
=852  41$aBritish Library$bDSC
=852  11$aBritish Library$bSTI$k(B)$h387.736
=852  41$aBritish Library$bDSC
=CAT  \\$aBATCH-CIPN$b00$c20121030$lBLL01$h1700
=CAT  \\$a11029$b40$c20130621$lBLL01$h0843
=CAT  \\$a12666$b40$c20130624$lBLL01$h1119
=CAT  \\$a10804$b40$c20130704$lBLL01$h1416
=CAT  \\$a10804$b40$c20130705$lBLL01$h1008
=CAT  \\$aBATCH-UPD$b40$c20150619$lBLL01$h2038
=CAT  \\$aWR16_021$c20160707$lBLL01$h1804
=CAT  \\$aBATCH-UPD$b00$c20220429$lBLL01$h2121
=FIN  \\$aY$d20130624
=FMT  \\$a  BK
=LAS  \\$aBATCH-UPD$b00$c20220429$lBLL01$h2121

