=LDR  01636cam a2200457 i 4500
=001  016219434
=003  Uk
=005  20220331232006.0
=008  121121s2013\\\\enka\\\\\b\\\\001\0\eng|d
=015  \\$aGBB2B9877$2bnb
=016  7\$a016219434$2Uk
=020  \\$a9781119993612 (hardback) :$c£100.00
=040  \\$aStDuBDS$beng$cStDuBDS$dUk$erda
=042  \\$aukblsr
=082  04$a542.4$223
=100  1\$aKiss, Anton Alexandru,$eauthor.
=245  10$aAdvanced distillation technologies :$bdesign, control and applications /$cAnton Alexandru Kiss.
=260  \\$aChichester, West Sussex :$bWiley,$c2013.
=300  \\$axvi, 397 pages :$billustrations (black and white) ;$c23 cm
=336  \\$atext$2rdacontent
=337  \\$aunmediated$2rdamedia
=338  \\$avolume$2rdacarrier
=500  \\$aFormerly CIP.$5Uk
=504  \\$aIncludes bibliographical references and index.
=530  \\$aAlso issued online.
=540  \\$aCurrent Copyright Fee: GBP32.00$c0$5Uk
=650  \0$aDistillation.
=852  41$aBritish Library$bDSC
=852  11$aBritish Library$bSTI$k(B)$h542.4
=CAT  \\$aBATCH-CIPN$b00$c20121127$lBLL01$h1700
=CAT  \\$a6524$b40$c20130507$lBLL01$h1115
=CAT  \\$a5883$b40$c20130508$lBLL01$h1303
=CAT  \\$a5883$b40$c20130508$lBLL01$h1346
=CAT  \\$aWR16_021$c20160707$lBLL01$h1808
=CAT  \\$aBATCH-UPD$b00$c20160707$lBLL01$h1857
=CAT  \\$aBATCH-CLAB$c20220330$lBLL01$h1636
=CAT  \\$aIPL-CLA$c20220331$lBLL01$h2320
=CFI  0\$aCurrent Copyright Fee: GBP32.00$c0$e01-apr-2022$fGBP32.00$g0$hC$5Uk
=FIN  \\$aY$d20130508
=FMT  \\$a  BK
=LAS  \\$aIPL-CLA$b00$c20220331$lBLL01$h2320

