=LDR  01682pam a2200493 i 4500
=001  016225498
=003  Uk
=005  20170717142203.0
=008  121121s2013\\\\enkab\\\\b\\\\001\0\eng\d
=015  \\$aGBB2C2770$2bnb
=016  7\$a016225498$2Uk
=020  \\$a9781444339697 (hbk.) :$c£60.00
=020  \\$a9781444339680 (pbk.) :$c£24.99
=035  \\$a(IeDuTC)b15181109x
=040  \\$aStDuBDS$beng$cStDuBDS$dUk$dIeDuTC
=042  \\$aukscp
=082  04$a551.375$223
=100  1\$aWarren, Andrew,$d1937-$eauthor.
=245  10$aDunes :$bdynamics, morphology, history /$cAndrew Warren.
=264  \1$aMalden, MA ;$aOxford :$bWiley-Blackwell,$c2013.
=300  \\$axiv, 219 pages :$billustrations (black and white), maps ;$c24 cm.
=336  \\$atext$2rdacontent
=337  \\$aunmediated$2rdamedia
=338  \\$avolume$2rdacarrier
=490  1\$aRGS-IBG book series
=504  \\$aIncludes bibliographical references and index.
=650  \0$aSand dunes$xHistory.
=650  \0$aGeomorphology.
=650  \0$aSand dunes$xEnvironmental aspects.
=830  \0$aRGS-IBG book series.
=852  41$aBritish Library$bDSC
=852  11$aBritish Library$bSTI$k(B)$h551.375
=985  \\$aLDL record matched & merged
=BUF  \\$aY$d20130529
=CAT  \\$aBATCH-CIPN$b00$c20121204$lBLL01$h1700
=CAT  \\$a11168$b40$c20130529$lBLL01$h0815
=CAT  \\$aBATCH-LDLE$b00$c20130624$lBLL01$h2126
=CAT  \\$aBATCH-LDLL$b00$c20130624$lBLL01$h2127
=CAT  \\$aBATCH-LDL4$b00$c20130624$lBLL01$h2127
=CAT  \\$aWR16_021$c20160707$lBLL01$h1809
=CAT  \\$a7416$b40$c20170717$lBLL01$h1422
=FIN  \\$aY$d20130529
=FMT  \\$a  BK
=LAS  \\$a7416$b40$c20170717$lBLL01$h1422

