=LDR  01497 gm a2200337 i 4500
=001  016324003
=003  Uk
=005  20130422165133.0
=008  130422s2013\\\\ru\nnn\\\\\\\\\\\\\\rus\\
=040  \\$aUk$beng$cUk$erda
=041  0\$arus$aeng
=042  \\$aukblsr
=245  00$aTovarnye znaki Rossii = Trademarks of Russia :$bofit︠s︡ialʹnyĭ bi︠u︡lletenʹ "Tovarnye znaki, znaki obsluzhivanii︠a︡ i naimenovanii︠a︡ proiskhozhdenii︠a︡ tovarov = official bulletin "Trademarks, apelations of origin of goods".
=246  3\$aTrademarks of Russia :$bofficial bulletin "Trademarks, apelations of origin of goods".
=264  \1$aMoskva :$bFederalʹnyĭ institut promyshlennoĭ sobstvennosti,$c2013.
=300  \\$e1 CD-ROM.
=336  \\$aunspecified$2rdacontent
=337  \\$aaudio$2rdamedia
=338  \\$aaudio disc$2rdacarrier
=500  \\$aAt head of title: Federalʹnyĭ institut promyshlennoĭ sobstvennosti. Federal Service for Intellectual Property.
=500  \\$aDescription based on year 2013, no. 3.
=546  \\$aText in Russian and English.
=650  \0$aTrademarks$zRussia (Federation)
=710  2\$aFederalʹnyĭ institut promyshlennoĭ sobstvennosti (Moscow, Russia).$eissuing body.
=852  41$aBritish Library$bSTI$cBIPC$hIP Open Access
=852  41$aBritish Library$bHMNTS
=CAT  \\$a11853$b40$c20130422$lBLL01$h1633
=CAT  \\$a11853$b40$c20130422$lBLL01$h1651
=FIN  \\$aY$d20130422
=FMT  \\$a  VM
=LAS  \\$a11853$b40$c20130422$lBLL01$h1651

