=LDR  01638 am a2200445 a 4500
=001  016424000
=003  Uk
=005  20130814120402.0
=008  981214s1998\\\\it\af\\\\bc\\\001\0\ita\\
=010  \\$a   98230682 
=020  \\$a8887027145
=035  \\$a(OCoLC)39809255
=040  \\$aDLC$beng$cDLC$dUk
=042  \\$aukblsr
=043  \\$ae-it---
=045  \\$ao0s9$at0u9
=050  00$aZ6621.B53175$bC63 1998
=245  02$aI codici della Biblioteca capitolare di Cividale del Friuli /$ca cura di Cesare Scalon e Laura Pani.
=260  \\$aFirenze :$bSISMEL, Edizioni del Galluzzo,$c1998.
=300  \\$axxix, 460 p., xvi, 160 p. of plates :$bill. (some col.) ;$c30 cm.
=336  \\$atext$2rdacontent
=337  \\$aunmediated$2rdamedia
=338  \\$avolume$2rdacarrier
=490  0\$aBiblioteche e archivi ;$v1
=504  \\$aIncludes bibliographical references (p.[xi]-xxviii) and indexes.
=610  20$aBiblioteca capitolare di Cividale del Friuli$vCatalogs.
=650  \0$aManuscripts$zItaly$zCividale del Friuli$vCatalogs.
=650  \0$aManuscripts, Latin (Medieval and modern)$zItaly$zCividale del Friuli$vCatalogs.
=700  1\$aScalon, Cesare.
=700  1\$aPani, Laura.
=710  2\$aBiblioteca capitolare di Cividale del Friuli.
=710  2\$aSocietà internazionale per lo studio del Medioevo latino.
=852  41$aBritish Library$bHMNTS
=852  41$aBritish Library$bHMNTS$cSPHOA$kMSS$hMSS 017.5723.
=CAT  \\$a9518$b40$c20130604$lBLL01$h1111
=CAT  \\$a5521$b40$c20130814$lBLL01$h1204
=FIN  \\$aY$d20130814
=FMT  \\$a  BK
=LAS  \\$a5521$b40$c20130814$lBLL01$h1204
=SRC  \\$aBLL02$bpart.2.av

