=LDR  06436cas a22012857a 4500
=001  013813462
=003  Uk
=005  20211231172301.0
=007  ta
=008  760414d19281950ilumr\p\\\\\\\0\\\a0eng\\
=019  0\$as202201007
=022  0\$a0361-7017
=040  \\$aUk$cUk
=082  04$a616.07$223
=084  \\$aGQ 70$2blsrissc
=130  0\$aArchives of pathology (1928)
=210  0\$aArch. pathol.$b(1928)
=210  0\$aArchives of pathology$b(1928)
=245  00$aArchives of pathology.
=260  \\$aChicago, Ill. :$bAmerican Medical Association
=300  \\$c28 cm.
=310  \\$aMonthly
=336  \\$atext$2rdacontent
=337  \\$aunmediated$2rdamedia
=338  \\$avolume$2rdacarrier
=362  0\$av. 5, no. 3-v. 50, no. 3; Mar. 1928-Sept. 1950.
=500  \\$aSize varies.
=540  \\$aCurrent Copyright Fee: GBP29.21$c0$5Uk
=650  \0$aPathology.
=710  2\$aAmerican Medical Association.
=780  01$tTransactions of the Chicago Pathological Society$x0743-2992
=780  00$tArchives of pathology and laboratory medicine (1926)$x0096-8528
=785  00$tA.M.A. archives of pathology$x0096-6711
=852  49$aBritish Library$bDSC$3See shelfmark 1638.600000 for vol. 5(3), 1928- 60, 1950
=852  71$aBritish Library$bSTI$k(P)$hGQ 70$m-E(2)$2blsrissc$3Vol.45, 1948-1950
=ACF  \\$aPrevious Copyright Fee: GBP25.81$c0$e01-apr-2012$fGBP25.81$g0$hC$5Uk
=ACF  \\$aPrevious Copyright Fee: GBP24.00$c0$e01-jan-2012$fGBP24.00$g0$hC$5Uk
=ACF  \\$aPrevious Copyright Fee: GBP24.00$c0$e01-oct-2011$fGBP24.00$g0$hC$5Uk
=ACF  \\$aPrevious Copyright Fee: GBP24.00$c0$e01-jul-2011$fGBP24.00$g0$hC$5Uk
=ACF  \\$aPrevious Copyright Fee: GBP24.00$c0$e01-apr-2011$fGBP24.00$g0$hC$5Uk
=ACF  \\$aPrevious Copyright Fee: GBP24.00$c0$e01-jan-2011$fGBP24.00$g0$hC$5Uk
=ACF  \\$aPrevious Copyright Fee: GBP24.00$c0$e01-oct-2010$fGBP24.00$g0$hC$5Uk
=ACF  \\$aPrevious Copyright Fee: GBP10.20$c0$e01-jul-2010$fGBP10.20$g0$hC$5Uk
=ACF  \\$aPrevious Copyright Fee: GBP10.20$c0$e01-apr-2010$fGBP10.20$g0$hC$5Uk
=ACF  \\$aPrevious Copyright Fee: GBP10.20$c0$e01-Jan-2010$fGBP10.20$g0$hC$5Uk
=ACF  \\$aPrevious Copyright Fee: GBP10.20$c0$e01-oct-2009$fGBP10.20$g0$hC$5Uk
=ACF  \\$aPrevious Copyright Fee: GBP12.14$c0$e01-jul-2009$fGBP12.14$g0$hC$5Uk
=ACF  \\$aPrevious Copyright Fee: GBP12.14$c0$e01-apr-2009$fGBP12.14$g0$hC$5Uk
=ACF  \\$aPrevious Copyright Fee: GBP10.63$c0$e01-jan-2009$fGBP10.63$g0$hC$5Uk
=ACF  \\$aPrevious Copyright Fee: GBP8.50$c0$e01-oct-2008$fGBP8.50$g0$hC$5Uk
=ACF  \\$aPrevious Copyright Fee: GBP8.50$c0$e01-jul-2008$fGBP8.50$g0$hC$5Uk
=ACF  \\$aPrevious Copyright Fee: GBP8.50$c0$e01-apr-2008$fGBP8.50$g0$hC$5Uk
=ACF  \\$aPrevious Copyright Fee: GBP8.50$c0$e01-jan-2008$fGBP8.50$g0$hC$5Uk
=ACF  \\$aPrevious Copyright Fee: GBP8.50$c0$e01-oct-2007$fGBP8.50$g0$hC$5Uk
=ACF  \\$aPrevious Copyright Fee: GBP24.24$c0$e01-jul-2012$fGBP24.24$g0$hC$5Uk
=ACF  \\$aPrevious Copyright Fee: GBP25.81$c0$e01-oct-2012$fGBP25.81$g0$hC$5Uk
=ACF  \\$aPrevious Copyright Fee: GBP25.00$c0$e01-jan-2013$fGBP25.00$g0$hC$5Uk
=ACF  \\$aPrevious Copyright Fee: GBP25.81$c0$e01-jul-2013$fGBP25.81$g0$hC$5Uk
=ACF  \\$aPrevious Copyright Fee: GBP24.00$c0$e01-oct-2013$fGBP24.00$g0$hC$5Uk
=ACF  \\$aPrevious Copyright Fee: GBP25.00$c0$e01-jan-2014$fGBP25.00$g0$hC$5Uk
=ACF  \\$aPrevious Copyright Fee: GBP24.24$c0$e01-jul-2014$fGBP24.24$g0$hC$5Uk
=ACF  \\$aPrevious Copyright Fee: GBP26.66$c0$e01-apr-2015$fGBP26.66$g0$hC$5Uk
=ACF  \\$aPrevious Copyright Fee: GBP26.67$c0$e01-jul-2015$fGBP26.67$g0$hC$5Uk
=ACF  \\$aPrevious Copyright Fee: GBP25.81$c0$e01-oct-2015$fGBP25.81$g0$hC$5Uk
=ACF  \\$aPrevious Copyright Fee: GBP27.59$c0$e01-apr-2016$fGBP27.59$g0$hC$5Uk
=ACF  \\$aPrevious Copyright Fee: GBP29.63$c0$e01-oct-2016$fGBP29.63$g0$hC$5Uk
=ACF  \\$aPrevious Copyright Fee: GBP32.00$c0$e01-apr-2017$fGBP32.00$g0$hC$5Uk
=ACF  \\$aPrevious Copyright Fee: GBP30.40$c0$e01-oct-2017$fGBP30.40$g0$hC$5Uk
=ACF  \\$aPrevious Copyright Fee: GBP30.77$c0$e01-jan-2018$fGBP30.77$g0$hC$5Uk
=ACF  \\$aPrevious Copyright Fee: GBP28.57$c0$e01-apr-2018$fGBP28.57$g0$hC$5Uk
=ACF  \\$aPrevious Copyright Fee: GBP30.77$c0$e01-oct-2018$fGBP30.77$g0$hC$5Uk
=ACF  \\$aPrevious Copyright Fee: GBP32.00$c0$e01-oct-2019$fGBP32.00$g0$hC$5Uk
=ACF  \\$aPrevious Copyright Fee: GBP30.77$c0$e01-apr-2020$fGBP30.77$g0$hC$5Uk
=ACF  \\$aPrevious Copyright Fee: GBP32.00$c0$e01-jul-2020$fGBP32.00$g0$hC$5Uk
=ACF  \\$aPrevious Copyright Fee: GBP40.00$c0$e01-apr-2021$fGBP40.00$g0$hC$5Uk
=ACF  \\$aPrevious Copyright Fee: GBP28.90$c0$e01-jul-2021$fGBP28.90$g0$hC$5Uk
=CAT  \\$a8456$b40$c20070810$lBLL01$h1125
=CAT  \\$aWR16120681$c20161221$lBLL01$h1801
=CAT  \\$aBATCH-CLA$b00$c20170228$lBLL01$h1628
=CAT  \\$aIPL-CLA$c20170331$lBLL01$h1853
=CAT  \\$aBATCH-CLA$b00$c20170831$lBLL01$h1628
=CAT  \\$aIPL-CLA$c20170929$lBLL01$h1738
=CAT  \\$aBATCH-CLA$b00$c20171130$lBLL01$h1650
=CAT  \\$aIPL-CLA$c20171231$lBLL01$h1709
=CAT  \\$aBATCH-CLA$b00$c20180228$lBLL01$h1642
=CAT  \\$aIPL-CLA$c20180331$lBLL01$h1630
=CAT  \\$aBATCH-CLA$b00$c20180831$lBLL01$h1628
=CAT  \\$aIPL-CLA$c20180930$lBLL01$h1506
=CAT  \\$aBATCH-CLA$b00$c20190909$lBLL01$h1718
=CAT  \\$aIPL-CLA$c20190930$lBLL01$h1642
=CAT  \\$aBATCH-CLA$b00$c20200228$lBLL01$h1635
=CAT  \\$aIPL-CLA$c20200331$lBLL01$h1618
=CAT  \\$aBATCH-CLA$b00$c20200529$lBLL01$h1535
=CAT  \\$aIPL-CLA$c20200701$lBLL01$h0100
=CAT  \\$aBATCH-CLA$b00$c20210227$lBLL01$h1009
=CAT  \\$aIPL-CLA$c20210331$lBLL01$h1847
=CAT  \\$aBATCH-CLA$b00$c20210528$lBLL01$h1524
=CAT  \\$aIPL-CLA$c20210704$lBLL01$h1119
=CAT  \\$aBATCH-CLA$b00$c20210917$lBLL01$h1602
=CAT  \\$aIPL-CLA$c20210930$lBLL01$h1651
=CAT  \\$aBATCH-CLA$b00$c20211203$lBLL01$h0813
=CAT  \\$aIPL-CLA$c20211231$lBLL01$h1723
=CFI  0\$aCurrent Copyright Fee: GBP29.21$c0$e01-jan-2022$fGBP29.21$g0$hC$5Uk
=CFI  2\$aPrevious Copyright Fee: GBP28.39$c0$e01-oct-2021$fGBP28.39$g0$hC$5Uk
=FIN  \\$aY$d20080810
=FMT  \\$a  SE
=LAS  \\$aIPL-CLA$b00$c20211231$lBLL01$h1723
=LEO  \\$aMP25.0000074591
=SRC  \\$aSRI01$bbibmp25.200404.2.aa
=TCO  \\$aTRS$bCCC$c008

