=LDR  04536 as a2200949 a 4500
=001  013835161
=003  Uk
=005  20090326141533.0
=007  ta
=008  851029d19851990maumn1p\\\\\\\0\\\a0eng\d
=022  0\$a0885-8020
=040  \\$aUk$beng$cUk
=082  00$a690.05$220
=130  0\$aProfessional builder (Newton, Mass. : 1985)
=210  0\$aProf. build.$b(1985)
=222  \0$aProfessional builder$b(1985)
=245  10$aProfessional builder.
=260  \\$a[Newton, MA] :$bCahners Pub. Co.,$cc1985-c1990.
=300  \\$a6 v. :$bill. ;$c28 cm.
=310  \\$aMonthly (except semimonthly Jan., Feb., Mar., Apr., May, June, Sept., Oct., & Nov.),$b<Mid-Sept. 1990>
=321  \\$aMonthly (with 2 additional special issues),$bOct. 1985-198
=321  \\$aMonthly (except semimonthly in Mar., Apr., June, Sept., & Oct.),$b<Mid-Apr. 1988- >
=336  \\$atext$2rdacontent
=337  \\$aunmediated$2rdamedia
=338  \\$avolume$2rdacarrier
=362  0\$aVol. 50, no. 12 (Oct. 1985)-v. 55, no. 16 (Mid-Sept. 1990).
=500  \\$aTitle from cover.
=500  \\$aIssued in regional and demographic editions with advertising content differences.
=540  \\$aBritish Library not licensed to copy$c0$5Uk
=650  \0$aBuilding$vPeriodicals.
=650  \0$aBuilding$zUnited States$vPeriodicals.
=650  \0$aConstruction industry$zUnited States$vPeriodicals.
=780  00$tProfessional builder & apartment business$x0361-5316
=785  00$tProfessional builder & remodeler$x1053-6353
=852  49$aBritish Library$bDSC$3See shelfmark 6857.300000 for VOL. 33, 1968- 55(16), 1990 *A=3; 58(9), 1993-
=852  71$aBritish Library$bSTI$k(P)$hWM 149$m-E(1)$2blsrissc$31985-1990; Vol.50, no.12 - vol.55, no.8, ; Set incomplete
=ACF  \\$aPrevious Copyright Fee: GBP13.57$c0$e01-jul-2009$fGBP13.57$g0$hC$5Uk
=ACF  \\$aPrevious Copyright Fee: GBP13.57$c0$e01-apr-2009$fGBP13.57$g0$hC$5Uk
=ACF  \\$aPrevious Copyright Fee: GBP11.88$c0$e01-jan-2009$fGBP11.88$g0$hC$5Uk
=ACF  \\$aPrevious Copyright Fee: GBP9.50$c0$e01-oct-2008$fGBP9.50$g0$hC$5Uk
=ACF  \\$aPrevious Copyright Fee: GBP9.50$c0$e01-jul-2008$fGBP9.50$g0$hC$5Uk
=ACF  \\$aPrevious Copyright Fee: GBP9.50$c0$e01-apr-2008$fGBP9.50$g0$hC$5Uk
=ACF  \\$aPrevious Copyright Fee: GBP9.50$c0$e01-jan-2008$fGBP9.50$g0$hC$5Uk
=ACF  \\$aPrevious copyright fee: GBP10.50$c0$e01-jan-2011$fGBP10.50$g0$hA$5Uk
=ACF  \\$aBritish Library not licensed to copy$c0$e07-sep-2011$hC$iTX$5Uk
=ACF  \\$aBritish Library not licensed to copy$c0$e01-jan-2013$hC$iCFP Excluded$5Uk
=ACF  \\$aBritish Library not licensed to copy$c0$e01-apr-2013$hC$iCFP Excluded$5Uk
=ACF  \\$aBritish Library not licensed to copy$c0$e01-jul-2013$hC$iCFP Excluded$5Uk
=ACF  \\$aBritish Library not licensed to copy$c0$e01-oct-2013$hC$iCFP Excluded$5Uk
=ACF  \\$aBritish Library not licensed to copy$c0$e01-jan-2014$hC$iCFP Excluded$5Uk
=CAT  \\$a8201$b40$c20070905$lBLL01$h1130
=CAT  \\$aBATCH-CLA$b00$c20090529$lBLL01$h1712
=CAT  \\$aBATCH-UPD$b00$c20090701$lBLL01$h2018
=CAT  \\$aBATCH-UPD$b00$c20090701$lBLL01$h2042
=CAT  \\$aBATCH$b00$c20090701$lBLL01$h2103
=CAT  \\$aBATCH-UPD$b00$c20101201$lBLL01$h1251
=CAT  \\$aIPL-CLA$c20101231$lBLL01$h1522
=CAT  \\$aBATCH-UPD$b00$c20110907$lBLL01$h1830
=CAT  \\$aIPL-CLA$c20110908$lBLL01$h1744
=CAT  \\$aBATCH-CLA$b00$c20121109$lBLL01$h1724
=CAT  \\$aBATCH-CLA$b00$c20121130$lBLL01$h1239
=CAT  \\$aIPL-CLA$c20121231$lBLL01$h1324
=CAT  \\$aIPL-CLA$c20130102$lBLL01$h1753
=CAT  \\$aBATCH-CLA$b00$c20130228$lBLL01$h1710
=CAT  \\$aIPL-CLA$c20130331$lBLL01$h1056
=CAT  \\$a540_fix$c20130403$lBLL01$h2016
=CAT  \\$aBATCH-CLA$b00$c20130531$lBLL01$h1649
=CAT  \\$aIPL-CLA$c20130701$lBLL01$h0109
=CAT  \\$aBATCH-CLA$b00$c20130830$lBLL01$h1627
=CAT  \\$aIPL-CLA$c20130930$lBLL01$h1752
=CAT  \\$aBATCH-CLA$b00$c20131129$lBLL01$h1655
=CAT  \\$aIPL-CLA$c20140101$lBLL01$h0023
=CAT  \\$aBATCH-CLA$b00$c20140228$lBLL01$h1615
=CAT  \\$aIPL-CLA$c20140331$lBLL01$h1631
=CAT  \\$aBATCH-CLA$b00$c20140530$lBLL01$h1711
=CAT  \\$aIPL-CLA$c20140630$lBLL01$h1733
=CFI  0\$aBritish Library not licensed to copy$c0$e01-jul-2014$hC$iCFP Excluded$5Uk
=CFI  2\$aBritish Library not licensed to copy$c0$e01-apr-2014$hC$iCFP Excluded$5Uk
=FIN  \\$aY$d20070905
=FMT  \\$a  SE
=LAS  \\$aIPL-CLA$b00$c20140630$lBLL01$h1733
=TCO  \\$aTRS$bCCC$c008

