=LDR  01694cam a2200493 a 4500
=001  013888168
=003  Uk
=005  20071109102716.0
=008  021115s2002\\\\gw\\\\\\\bd\\\000\0\ger\\
=010  \\$a2003397618
=020  \\$a3110174723 (book + CD-ROM)
=020  \\$a9783110174724 (book + CD-ROM)
=035  \\$a(OCoLC)51655480$z(OCoLC)50868862
=040  \\$aDLC$cDLC$dOCLCQ$dOHX$dBAKER$dNLGGC$dYDXCP$dKEI$dUk
=042  \\$aukblsr
=050  00$aPF3580$b.K5 2002
=072  \7$aPF$2lcco
=082  00$a432.03$221
=084  \\$a18.08$2bcl
=100  1\$aKluge, Friedrich,$d1856-1926.
=245  10$aEtymologisches Wörterbuch der deutschen Sprache /$cKluge.
=250  \\$a24., durchgesehene und erw. Aufl. /$bbearbeitet von Elmar Seebold.
=260  \\$aBerlin :$bDe Gruyter,$c2002.
=300  \\$alxxxix, 1023 p. ;$c25 cm. +$e1 CD-ROM (4 3/4 in.)
=336  \\$atext$2rdacontent
=337  \\$aunmediated$2rdamedia
=338  \\$avolume$2rdacarrier
=500  \\$aPrevious ed.: 1999.
=504  \\$aIncludes bibliographical references (p. lxviii-lxxxix).
=650  \0$aGerman language$xEtymology$vDictionaries.
=650  17$aEtymologie.$2gtt
=650  17$aDuits.$2gtt
=651  \7$aDeutsch$xEtymologie$vWörterbuch.$2swd
=700  1\$aSeebold, Elmar.
=852  11$aBritish Library$bHMNTS$cSPHOA$kHLR$h432.03
=852  41$aBritish Library$bHMNTS$3Accompanying CD-ROM
=CAT  \\$a11375$b40$c20070911$lBLL01$h1558
=CAT  \\$a11071$b40$c20071109$lBLL01$h1027
=CAT  \\$aW1707-0052$c20170703$lBLL01$h1855
=CAT  \\$aW2308-1659$c20230923$lBLL01$h1108
=FIN  \\$aY$d20071109
=FMT  \\$a  BK
=LAS  \\$aW2308-1659$b00$c20230923$lBLL01$h1108
=SID  \\$aZ39$bOCLC

