=LDR  02765aas a2200685 a 4500
=001  013891610
=003  Uk
=005  20111011090629.0
=007  hd\afa015bacu
=008  950421c19909999enkwr\nea\\\\\0\\\a0eng\\
=019  n\$aNLC0000898
=019  n\$aNLC0040396
=022  0\$a0958-1723$202
=040  \\$aUk$beng$cUk$dUk
=042  \\$aukblsr
=082  04$a072.1$223
=222  \0$aIndependent on Sunday
=245  04$aThe independent on Sunday$h[microform].
=260  \\$aLondon :$bNewspaper Publishing,$c1990-
=260  3\$aLondon :$bIndependent Newspapers
=300  \\$av. :$bill., ports.
=310  \\$aWeekly
=336  \\$atext$2rdacontent
=337  \\$amicroform$2rdamedia
=338  \\$amicrofilm reel$2rdacarrier
=362  0\$aNo. 1 (28 Jan. 1990)-
=515  \\$aMain series preceeded by series of dummy issues: No. 1-9 (13 Aug. 1989-21 Jan. 1990).
=525  \\$aIncludes supplements.
=533  \\$aMicrofilm.$bLondon :$cBritish Library.$e35 mm.$mNo. 1 (28 Jan. 1990)-
=533  \\$aMicrofilm.$bWoodbridge, Conn. ;$bReading :$cResearch Publications International.$e35 mm.$m[Dummy issues] 13 Aug. 1989-21 Jan. 1990; 1 Jan. 1995-30 Dec. 2001.$nFilmed on same reels as the daily edition.
=588  \\$aDescription based on: No. 256 (1 Jan. 1995).
=588  \\$aLatest issue consulted: No. 621 (30 Dec. 2001).
=651  \0$aGreat Britain$vNewspapers.
=752  \\$aEngland$dLondon.$2blnpn
=776  0\$tIndependent and the Independent on Sunday on CD-ROM$x1476-8852
=787  0\$tIndependent (London. 1986)$x0951-9467
=852  41$31991-2016$aBritish Library$bHMNTS$kMFM$hMLD11A$z- Mar 2016$zMicroform.
=852  41$31989-1990$aBritish Library$bHMNTS$kMFM$hMLD11A$z13 Aug 1989 (Dummy issue)$zMicroform.
=852  41$31989-1990$aBritish Library$bHMNTS$z26 Nov. - 17 Dec. 1989; 14 Jan. - Dec. 1990$zMicroform.$cSPHOA$kNRM$hMLD44F
=852  \\$aBritish Library$bDSC
=985  \\$aExisting NPL record upgraded for use as microfilm record
=CAT  \\$aBATCH-NPL$b00$c20070912$lBLL01$h1126
=CAT  \\$aBATCH$b00$c20070916$lBLL01$h1740
=CAT  \\$aB-BSS-DEL$b00$c20080331$lBLL01$h1537
=CAT  \\$a6537$b40$c20090925$lBLL01$h1438
=CAT  \\$aNPL-008-N$c20110504$lBLL01$h2206
=CAT  \\$aADD-NID$b00$c20110805$lBLL01$h1426
=CAT  \\$a11205$b40$c20111006$lBLL01$h1352
=CAT  \\$a8323$b40$c20111011$lBLL01$h0902
=CAT  \\$a8323$b40$c20111011$lBLL01$h0906
=CAT  \\$aNPL-LOCK$b77$c20140207$lBLL01$h2153
=CAT  \\$aNPL-UNLOCK$b00$c20140216$lBLL01$h0849
=FIN  \\$aY
=FMT  \\$a  SE
=LAS  \\$aNPL-UNLOCK$b00$c20140216$lBLL01$h0849
=LEO  \\$aMP35.0000100875
=LEO  \\$aMP35.0000139755
=NID  \\$aNID0000014
=SRC  \\$aNPLv17$bbibmp35.20070831.aa
=TCO  \\$aCLA$bCLA$c008

