=LDR  02580aam a2200541 a 4500
=001  014015442
=003  Uk
=005  20090101231710.0
=008  070913s2008\\\\stka\\\\\\\\\\001\0\eng\d
=010  \\$a  2007003598
=015  \\$aGBA776718$2bnb
=016  7\$a014015442$2Uk
=020  \\$a9780080451404 (pbk.) :$c£49.99
=020  \\$a0080451403 (pbk.) :$c£49.99
=040  \\$aStDuBDS$beng$cStDuBDS$dUk
=042  \\$aukblsr
=082  00$a617$222
=245  00$aApplied basic science for basic surgical training /$cedited by Andrew T. Raftery.
=250  \\$a2nd ed.
=260  \\$aEdinburgh :$bChurchill Livingstone,$c2008.
=300  \\$aix, 649 p. :$bill.
=336  \\$atext$2rdacontent
=337  \\$aunmediated$2rdamedia
=338  \\$avolume$2rdacarrier
=500  \\$aFormerly CIP.$5Uk
=505  0\$aCellular injury / Julian L. Burton -- Inflammation / Timothy J. Stephenson -- Thrombus, embolism, infarction / Kenneth G. Callum -- Disorders of growth, differentiation, and morphogenesis / M. Andrew Parsons -- Neoplasia / David E. Hughes -- Immunology / William Egner and Ravishankar Sargur -- Basic microbiology / Andrew T. Raftery -- Nervous system / Samuel Jacob and Andrew T. Raftery -- Cardiovascular system / Kenneth G. Callum and Andrew Dyson -- Haemopoietic and lymphoreticular system / Andrew T. Raftery -- Respiratory system / Andrew Dyson and Andrew T. Raftery -- Locomotor system / Richard L.M. Newell -- Head and neck / Samuel Jacob -- Endocrine system / Barney J. Harrison -- Breast / Clive R.G. Quick and John R. Benson -- Paediatric disorders / Jenny Walker -- Alimentary system / Andrew T. Raftery -- Genitourinary system / Jake Patterson and Christopher R. Chapple.
=650  \0$aSurgery.
=650  \0$aPhysiology, Pathological.
=650  \0$aAnatomy, Surgical and topographical.
=650  \0$aPathology, Surgical.
=650  12$aSurgical Procedures, Operative$xmethods.
=650  22$aAnatomy, Regional.
=650  22$aMicrobiology.
=650  22$aPathology.
=700  1\$aRaftery, Andrew T.
=852  \\$aBritish Library$bHMNTS
=852  11$aBritish Library$bSTI$k(B)$h617
=BUF  \\$aN$d20080131
=CAT  \\$aBATCH-CIP$b00$c20070925$lBLL01$h1702
=CAT  \\$aBATCH$b00$c20070925$lBLL01$h1703
=CAT  \\$aBATCH$b00$c20070925$lBLL01$h1711
=CAT  \\$a12271$b40$c20080131$lBLL01$h1405
=CAT  \\$aBATCH-BUOC$b00$c20090101$lBLL01$h2317
=CAT  \\$aBATCH$b00$c20090109$lBLL01$h0811
=CAT  \\$aWR16_021$c20160618$lBLL01$h1810
=FIN  \\$aY$d20080131
=FMT  \\$a  BK
=LAS  \\$aWR16_021$b00$c20160618$lBLL01$h1810

