=LDR  01687pam a2200481 a 4500
=001  014057729
=003  Uk
=005  20080206162514.0
=008  070927s2007\\\\caua\\\\\\\\\\000\0\eng\d
=015  \\$aGBA782171$2bnb
=016  7\$a014057729$2Uk
=020  \\$a9781882770908 (pbk.) :$c£9.99
=020  \\$a1882770900 (pbk.) :$c£9.99
=040  \\$aStDuBDS$beng$cStDuBDS$dUk
=042  \\$aukblcatcopy
=082  04$a639.39$222
=100  1\$aKlingenberg, Roger J.,$d1954-
=245  10$aUnderstanding reptile parasites /$cRoger J. Klingenberg.
=250  \\$aUpdated ed.
=260  \\$aVista, Calif. :$bAdvanced Vivarium Systems ;$a[Bath :$bManning Partnership, distributor],$c2007.
=300  \\$a200 p. :$bcol. ill. ;$c22 cm.
=336  \\$atext$2rdacontent
=337  \\$aunmediated$2rdamedia
=338  \\$avolume$2rdacarrier
=500  \\$aPrevious ed.: 1993.
=500  \\$aFormerly CIP.$5Uk
=650  \0$aCaptive reptiles$xParasites$xControl$vHandbooks, manuals, etc.
=650  \0$aCaptive reptiles$xParasites$vHandbooks, manuals, etc.
=650  \0$aReptiles as pets.
=852  11$aBritish Library$bSTI$k(B)$h639.39
=852  \\$aBritish Library$bHMNTS
=917  \\$aPriority processing
=CAT  \\$aBATCH-CIP$b00$c20071009$lBLL01$h1702
=CAT  \\$aBATCH$b00$c20071009$lBLL01$h1704
=CAT  \\$aBATCH$b00$c20071009$lBLL01$h1711
=CAT  \\$a12323$b40$c20080205$lBLL01$h0947
=CAT  \\$a5375$b40$c20080206$lBLL01$h1625
=CAT  \\$aWR16_021$c20160618$lBLL01$h1813
=CAT  \\$aBATCH-UPD$b00$c20160618$lBLL01$h1927
=CAT  \\$aBATCH-UPD$b00$c20210925$lBLL01$h1738
=FIN  \\$aY$d20080206
=FMT  \\$a  BK
=LAS  \\$aBATCH-UPD$b00$c20210925$lBLL01$h1738

