=LDR  03189cas a2200769 a 4500
=001  014488869
=003  Uk
=005  20221231221122.0
=007  ta
=008  040410d19591969gw\mr\p\\\\\\\0\\\b0ger\\
=022  \\$a0340-5281
=040  \\$aUk$cUk
=084  \\$aPH 50$2blsrissc
=130  0\$aRegelungstechnische Praxis (1959)
=210  0\$aRegelungstech. Prax.
=222  \0$aRegelungstechnische Praxis
=245  10$aRegelungstechnische Praxis.
=246  13$aRTP. Regelungstechnische Praxis (1959)
=260  \\$aMünchen :$bOldenbourg.
=300  \\$a11 v.$bill.$c29 cm.
=336  \\$atext$2rdacontent
=337  \\$aunmediated$2rdamedia
=338  \\$avolume$2rdacarrier
=362  0\$av. 1-11; 1959-1969.
=540  \\$aCurrent Copyright Fee: GBP25.00$c0$5Uk
=650  \0$aAutomatic control$vPeriodicals.
=650  \0$aProcess control$vPeriodicals.
=772  0\$tRegelungstechnik (1953)$x0370-6001
=785  00$tRTP, Regelungstechnische Praxis und Prozess-Rechentechnik$x0375-9725
=852  41$aBritish Library$bSTI$k(P)$hPH 50$m-G(3)$2blsrissc$3Vol.1, 1959-11, 1969
=852  49$aBritish Library$bDSC$3See shelfmark 7336.505000 Vol. 1, 1959- 11, 1969
=ACF  \\$aPrevious Copyright Fee: GBP6.00$c0$e01-oct-2008$fGBP6.00$g0$hC$5Uk
=ACF  \\$aPrevious copyright fee: GBP10.50$c0$e01-jan-2011$fGBP10.50$g0$hA$5Uk
=ACF  \\$aPrevious copyright fee: GBP12.00$c0$e01-jan-2012$fGBP12.00$g0$hA$5Uk
=ACF  \\$aPrevious Copyright Fee: GBP12.30$c0$e01-jan-2014$fGBP12.30$g0$hA$5Uk
=ACF  \\$aPrevious Copyright Fee: GBP15.00$c0$e01-jan-2017$fGBP15.00$g0$hA$5Uk
=ACF  \\$aPrevious Copyright Fee: GBP17.50$c0$e01-jan-2018$fGBP17.50$g0$hA$5Uk
=ACF  \\$aPrevious Copyright Fee: GBP20.00$c0$e01-jan-2020$fGBP20.00$g0$hA$5Uk
=CAT  \\$a8456$b40$c20080109$lBLL01$h1326
=CAT  \\$a8456$b40$c20080109$lBLL01$h1411
=CAT  \\$aBATCH-CLA$b00$c20080829$lBLL01$h1846
=CAT  \\$aBATCH-UPD$b00$c20081001$lBLL01$h0013
=CAT  \\$aBATCH$b00$c20081001$lBLL01$h0129
=CAT  \\$aBATCH-UPD$b00$c20101201$lBLL01$h1251
=CAT  \\$aIPL-CLA$c20101231$lBLL01$h1524
=CAT  \\$aWR11_203$c20111204$lBLL01$h1513
=CAT  \\$aIPL-CLA$c20111230$lBLL01$h2030
=CAT  \\$aBATCH-CLA$b00$c20121109$lBLL01$h1723
=CAT  \\$aBATCH-CLA$c20131220$lBLL01$h2056
=CAT  \\$aIPL-CLA$c20140101$lBLL01$h0047
=CAT  \\$aBATCH-CLA$b00$c20161222$lBLL01$h1822
=CAT  \\$aIPL-CLA$c20161230$lBLL01$h2258
=CAT  \\$aBATCH-CLA$b00$c20171222$lBLL01$h2148
=CAT  \\$aIPL-CLA$c20171231$lBLL01$h1730
=CAT  \\$aBATCH-CLA$b00$c20191219$lBLL01$h1745
=CAT  \\$aIPL-CLA$c20191231$lBLL01$h2002
=CAT  \\$aR2001-1524$c20200127$lBLL01$h2036
=CAT  \\$aBATCH-CLA$b00$c20201204$lBLL01$h1553
=CAT  \\$aIPL-CLA$c20201231$lBLL01$h2250
=CAT  \\$aBATCH-CLA$b00$c20221221$lBLL01$h1905
=CAT  \\$aIPL-CLA$c20221231$lBLL01$h2211
=CFI  0\$aCurrent Copyright Fee: GBP25.00$c0$e01-jan-2023$fGBP25.00$g0$hA$5Uk
=CFI  2\$aPrevious Copyright Fee: GBP22.50$c0$e01-jan-2021$fGBP22.50$g0$hA$5Uk
=FIN  \\$aY$d20080109
=FMT  \\$a  SE
=LAS  \\$aIPL-CLA$b00$c20221231$lBLL01$h2211
=TCO  \\$aDEU$bVG WORT$c008

