=LDR  02309 as a2200553 a 4500
=001  014490031
=003  Uk
=005  20080110181652.0
=008  080110d19701972pausr\p\\\\\\\0\\\a0eng\\
=040  \\$aUk$cUK$dUk
=084  \\$aVJ 00$2blsrissc
=130  0\$aChilton's automotive industries (1970)
=245  10$aChilton's automotive industries.
=246  1\$iSome issues have cover title:$aChilton's international automotive industries
=246  30$aAutomotive industries
=260  \\$a[Philadelphia :$bChilton Co.,$c1970-1972]
=300  \\$a5 v. :$bill. ;$c29 cm.
=310  \\$aSemimonthly
=336  \\$atext$2rdacontent
=337  \\$aunmediated$2rdamedia
=338  \\$avolume$2rdacarrier
=362  1\$aBegan with v. 142 in Jan. 1970 and ended with v.146, no. 4 in Feb. 1972.
=540  \\$aBritish Library not licensed to copy$c0$5Uk
=650  \0$aAutomobile industry and trade$vPeriodicals.
=650  \0$aAutomobiles$vPeriodicals.
=650  \0$aMotor vehicles$vPeriodicals.
=780  00$tAutomotive industries$c(1947)
=785  00$tAutomotive industries$c(1972)$x0886-4675
=852  49$aBritish Library$bDSC$3See shelfmark 1834.000000 for Vol. 142, 1970-vol. 146, 1972
=852  71$aBritish Library$bSTI$k(P)$hVJ 00$m-E(5)$2blsrissc$3Vol.142, 1970- vol.146, 1972
=ACF  \\$aPrevious Copyright Fee: GBP6.15$c0$e01-oct-2008$fGBP6.15$g0$hC$5Uk
=CAT  \\$a8456$b40$c20080110$lBLL01$h1635
=CAT  \\$a8456$b40$c20080110$lBLL01$h1727
=CAT  \\$a8456$b40$c20080110$lBLL01$h1816
=CAT  \\$aBATCH-CLA$b00$c20080829$lBLL01$h1838
=CAT  \\$aBATCH-UPD$b00$c20081001$lBLL01$h0013
=CAT  \\$aBATCH$b00$c20081001$lBLL01$h0129
=CAT  \\$aBATCH-UPD$b00$c20101201$lBLL01$h1251
=CAT  \\$aIPL-CLA$c20101231$lBLL01$h1524
=CAT  \\$aBATCH-UPD$b00$c20110907$lBLL01$h1830
=CAT  \\$aIPL-CLA$c20110908$lBLL01$h1745
=CAT  \\$aBATCH-CLA$b00$c20121109$lBLL01$h1723
=CFI  0\$aBritish Library not licensed to copy$c0$e07-sep-2011$hC$iTX$5Uk
=CFI  2\$aPrevious copyright fee: GBP10.50$c0$e01-jan-2011$fGBP10.50$g0$hA$5Uk
=FIN  \\$aY$d20080110
=FMT  \\$a  SE
=LAS  \\$aBATCH-CLA$b00$c20121109$lBLL01$h1723
=LKR  \\$aPAR$b014490046$lBLL01$r78000$mChilton's automotive industries (1970)$nAutomotive industries (1947)
=TCO  \\$aTRS$bCCC$c008

