=LDR  03935 as a2200889 a 4500
=001  014490050
=003  Uk
=005  20080110181720.0
=007  ta
=008  080110d19721975pausr\p\\\\\\\0\\\a0eng\\
=022  0\$a0886-4675
=040  \\$aUk$cUk
=084  \\$aVJ 00$2blsrissc
=130  0\$aAutomotive industries (1972)
=210  0\$aAutomot. ind.$b(1972)
=222  \0$aAutomotive industries$b(1972)
=245  00$aAutomotive industries.
=246  1\$iSome issues have cover title:$aInternational automotive industries
=260  \\$a[Philadelphia :$bChilton Co.,$c1972-1975]
=300  \\$a8 v. :$bill. ;$c30 cm.
=310  \\$aSemimonthly
=336  \\$atext$2rdacontent
=337  \\$aunmediated$2rdamedia
=338  \\$avolume$2rdacarrier
=362  0\$aVol. 146, no. 5 (Mar. 15, 1972)-
=362  1\$aCeased in Dec. 1975 with v. 153.
=540  \\$aBritish Library not licensed to copy$c0$5Uk
=650  \0$aAutomobile industry and trade$vPeriodicals.
=650  \0$aAutomobiles$vPeriodicals.
=650  \0$aMotor vehicles$vPeriodicals.
=780  00$tChilton's automotive industries (1970)
=785  00$tChilton's automotive industries (1976)$x0273-656X
=852  49$aBritish Library$bDSC$3See shelfmark 1834.000000 for Vol. 146, 1972-vol. 153, 1975
=852  71$aBritish Library$bSTI$k(P)$hVJ 00$m-E(5)$2blsrissc$3Vol.146, 1972- vol.153, 1975
=ACF  \\$aPrevious Copyright Fee: GBP8.79$c0$e01-jul-2009$fGBP8.79$g0$hC$5Uk
=ACF  \\$aPrevious Copyright Fee: GBP8.79$c0$e01-apr-2009$fGBP8.79$g0$hC$5Uk
=ACF  \\$aPrevious Copyright Fee: GBP7.69$c0$e01-jan-2009$fGBP7.69$g0$hC$5Uk
=ACF  \\$aPrevious Copyright Fee: GBP6.15$c0$e01-oct-2008$fGBP6.15$g0$hC$5Uk
=ACF  \\$aPrevious Copyright Fee: GBP6.15$c0$e01-jul-2008$fGBP6.15$g0$hC$5Uk
=ACF  \\$aPrevious Copyright Fee: GBP6.15$c0$e01-apr-2008$fGBP6.15$g0$hC$5Uk
=ACF  \\$aPrevious copyright fee: GBP10.50$c0$e01-jan-2011$fGBP10.50$g0$hA$5Uk
=ACF  \\$aBritish Library not licensed to copy$c0$e07-sep-2011$hC$iTX$5Uk
=ACF  \\$aBritish Library not licensed to copy$c0$e01-oct-2013$hC$iCFP Excluded$5Uk
=ACF  \\$aBritish Library not licensed to copy$c0$e01-jan-2014$hC$iCFP Excluded$5Uk
=CAT  \\$a8456$b40$c20080110$lBLL01$h1709
=CAT  \\$aBATCH-CLA$b00$c20081128$lBLL01$h1725
=CAT  \\$aBATCH-UPD$b00$c20081231$lBLL01$h2327
=CAT  \\$aBATCH-UPD$b00$c20090101$lBLL01$h0057
=CAT  \\$aBATCH$b00$c20090101$lBLL01$h0232
=CAT  \\$aBATCH-CLA$b00$c20090227$lBLL01$h1627
=CAT  \\$aBATCH-UPD$b00$c20090331$lBLL01$h2318
=CAT  \\$aBATCH-UPD$b00$c20090401$lBLL01$h0047
=CAT  \\$aBATCH$b00$c20090401$lBLL01$h0217
=CAT  \\$aBATCH-CLA$b00$c20090529$lBLL01$h1703
=CAT  \\$aBATCH-UPD$b00$c20090701$lBLL01$h2019
=CAT  \\$aBATCH-UPD$b00$c20090701$lBLL01$h2042
=CAT  \\$aBATCH$b00$c20090701$lBLL01$h2103
=CAT  \\$aBATCH-UPD$b00$c20101201$lBLL01$h1251
=CAT  \\$aIPL-CLA$c20101231$lBLL01$h1524
=CAT  \\$aBATCH-UPD$b00$c20110907$lBLL01$h1830
=CAT  \\$aIPL-CLA$c20110908$lBLL01$h1745
=CAT  \\$aBATCH-CLA$b00$c20121109$lBLL01$h1723
=CAT  \\$aBATCH-CLA$b00$c20130830$lBLL01$h1627
=CAT  \\$aIPL-CLA$c20130930$lBLL01$h1758
=CAT  \\$aBATCH-CLA$b00$c20131129$lBLL01$h1655
=CAT  \\$aIPL-CLA$c20140101$lBLL01$h0047
=CAT  \\$aBATCH-CLA$b00$c20140228$lBLL01$h1615
=CAT  \\$aIPL-CLA$c20140331$lBLL01$h1633
=CAT  \\$aBATCH-CLA$b00$c20140530$lBLL01$h1711
=CAT  \\$aIPL-CLA$c20140630$lBLL01$h1738
=CFI  0\$aBritish Library not licensed to copy$c0$e01-jul-2014$hC$iCFP Excluded$5Uk
=CFI  2\$aBritish Library not licensed to copy$c0$e01-apr-2014$hC$iCFP Excluded$5Uk
=FIN  \\$aY$d20080110
=FMT  \\$a  SE
=LAS  \\$aIPL-CLA$b00$c20140630$lBLL01$h1738
=LKR  \\$aPAR$b014490031$lBLL01$r78000$mAutomotive industries (1972)$nChilton's automotive industries (1970)
=TCO  \\$aTRS$bCCC$c008

