=LDR  01884 as a22005057a 4500
=001  014510254
=003  Uk
=005  20080131143403.0
=007  ta
=008  080131d19331943gw\mr\p\\\\\\\0\\\b0ger\\
=022  0\$a0177-8897
=040  \\$aUk$beng$cUk
=084  \\$aST 50$2blsrissc
=084  \\$aSY 62$2blsrissc
=130  0\$aWerkstatt und Betrieb (Munich, Germany : 1933)
=245  10$aWerkstatt und Betrieb.
=260  \\$aMünchen :$bC. Hanser,$c1933-
=300  \\$av. :$bill. ;$c31 cm.
=300  \\$av.
=310  \\$aMonthly
=336  \\$atext$2rdacontent
=337  \\$aunmediated$2rdamedia
=338  \\$avolume$2rdacarrier
=362  0\$a66. Jahrg., Heft 19/20 (10. Okt., 1933)-
=362  1\$aCeased with 1943.
=500  \\$a"Zeitschrift für Maschinen-, Schnitte- und Werkzeugbau."
=515  \\$aIssued in double numbers (Okt. 1933-1939).
=580  \\$aMerged with: TZ für praktische Metallbeargeitung, and Werkzeutmaschine, to form: Fertigungstechnik.
=650  \0$aMachinery industry$vPeriodicals.
=650  \0$aMetal-work$vPeriodicals.
=650  \0$aMechanical engineering$vPeriodicals.
=780  00$tMaschinen-Konstrukteur-Betriebstechnik$x0177-8919
=785  17$tTZ für praktische Metallbeargeitung
=785  17$tWerkzeugmaschine
=785  17$tFertigungstechnik (Munich)$x0177-8846
=852  71$aBritish Library$bSTI$k(P)$hST 50$m-G(6)$2blsrissc$3Jahrg.66, Nr.19/20, 1933- Jahrg.76, Nr.3 ; Deficient: Jahrg.76, Nr.1, 1943
=852  49$aBritish Library$bDSC$3See shelfmark 9296.000000 for 66. Jahrg., Heft 19/20 (10. Okt., 1933)- 1943
=CAT  \\$a8456$b40$c20080131$lBLL01$h1412
=CAT  \\$a8456$b40$c20080131$lBLL01$h1413
=CAT  \\$a8456$b40$c20080131$lBLL01$h1424
=CAT  \\$a8456$b40$c20080131$lBLL01$h1434
=FIN  \\$aY$d20080131
=FMT  \\$a  SE
=LAS  \\$a8456$b40$c20080131$lBLL01$h1434
=TCO  \\$aDEU$bVG WORT$c008

