=LDR  01140 am a22003617a 4500
=001  014518819
=003  Uk
=005  20080212153518.0
=008  921013s1946\\\\dcu\\\\||b\\\||||\0|eng\\
=019  0\$as084695005
=019  x\$a3331960209
=040  \\$aUk$cUk$dUk
=084  \\$aNH 06$2blsrissc
=110  1\$aUnited States.$bBureau of Mines.
=245  10$aBureau of Mines Papers published in the Technical Press. January 1, 1938, to January 1, 1946, etc.
=260  \\$aWashington, D.C.,$c1946.
=300  \\$app. 230. ;$c26 cm.
=336  \\$atext$2rdacontent
=337  \\$aunmediated$2rdamedia
=338  \\$avolume$2rdacarrier
=852  71$aBritish Library$bSTI$k(A)$hNH 06$m-E(4)$2blsrissc$31938- 1945
=852  41$aBritish Library$bHMNTS
=985  \\$aRecord merged by DQ team
=CAT  \\$a8456$b40$c20080212$lBLL01$h1528
=CAT  \\$a8456$b40$c20080212$lBLL01$h1530
=CAT  \\$a8456$b40$c20080212$lBLL01$h1535
=FIN  \\$aY
=FMT  \\$a  BK
=LAS  \\$a8456$b40$c20080212$lBLL01$h1535
=LEO  \\$aMP25.0000010676
=LEO  \\$aMP1.0003974836
=SRC  \\$aSRI01$bbibmp25.200404.2.aa
=SRC  \\$aBLS01$bbibmp1.200404.2.ae

