=LDR  06898cas a2201333 a 4500
=001  014572237
=003  Uk
=005  20211231172551.0
=007  ta
=008  751101d19481973caumn\p\\\cr\\0\\\a0eng\d
=010  \\$asn 92002431
=022  0\$a1060-7579$21
=030  \\$aWMNIA9
=035  \\$a(OCoLC)1770175
=040  \\$aMUL$cMUL$dSUL$dNSD$dIUL$dNSD$dDLC$dAIP$dUDI$dNSD$dDLC$dOCLCQ$dUk
=042  \\$ansdp$alcd
=050  10$aNOT IN LC
=082  04$a622.05$222
=130  0\$aWorld mining (International ed.)
=210  0\$aWorld min.$b(Int. ed.)
=222  \0$aWorld mining$b(International ed.)
=245  10$aWorld mining.
=250  \\$aInternational ed.
=260  \\$aSan Francisco, Calif. :$bMiller Freeman Publications,$c-1973.
=300  \\$a26 v. :$bill. ;$c29 cm.
=310  \\$aMonthly (except June when published semimonthly)
=336  \\$atext$2rdacontent
=337  \\$aunmediated$2rdamedia
=338  \\$avolume$2rdacarrier
=362  0\$a-v. 26, no. 13 (Dec. 1973).
=362  1\$aBegan with: Vol. 1 in 1948.
=500  \\$aDescription based on surrogate of: Vol. 26, no. 13 (Dec. 1973); title from cover.
=540  \\$aCurrent Copyright Fee: GBP40.88$c0$5Uk
=580  \\$aIssued as a section in Mining world, and also circulated separately on a limited basis, 1948-1963; issued under separate cover only, 1964-1973.
=580  \\$aMerged with: World mining (United States ed.) to form: World mining (San Francisco, Calif. : 1974).
=650  \0$aMineral industries$vPeriodicals.
=650  \0$aMining engineering$vPeriodicals.
=730  0\$aMining world (San Francisco, Calif.)
=775  0\$tWorld mining (United States ed.)$x1060-7587
=780  11$tMining world (San Francisco, Calif.)$x0096-5731
=785  17$tWorld mining (United States ed.)$x1060-7587
=785  17$tWorld mining (San Francisco, Calif. : 1974)$x0043-8707
=852  71$aBritish Library$bSTI$k(P)$hNH 20$m-E(1)$2blsrissc$31961-1983; Vol.14, no.8 - vol.36, no.10. ; Deficient: vol.31, no.7, 1978.
=852  49$aBritish Library$bDSC$3See shelfmark 9356.680000 for vol. 7(8), 1954- 11(13), 1958 *A=4; 12, 1959- 363(10), 1983 *A=1
=ACF  \\$aPrevious Copyright Fee: GBP36.13$c0$e01-apr-2012$fGBP36.13$g0$hC$5Uk
=ACF  \\$aPrevious Copyright Fee: GBP33.60$c0$e01-jan-2012$fGBP33.60$g0$hC$5Uk
=ACF  \\$aPrevious Copyright Fee: GBP33.60$c0$e01-oct-2011$fGBP33.60$g0$hC$5Uk
=ACF  \\$aPrevious Copyright Fee: GBP33.60$c0$e01-jul-2011$fGBP33.60$g0$hC$5Uk
=ACF  \\$aPrevious Copyright Fee: GBP33.60$c0$e01-apr-2011$fGBP33.60$g0$hC$5Uk
=ACF  \\$aPrevious Copyright Fee: GBP33.60$c0$e01-jan-2011$fGBP33.60$g0$hC$5Uk
=ACF  \\$aPrevious Copyright Fee: GBP33.60$c0$e01-oct-2010$fGBP33.60$g0$hC$5Uk
=ACF  \\$aPrevious Copyright Fee: GBP33.60$c0$e01-jul-2010$fGBP33.60$g0$hC$5Uk
=ACF  \\$aPrevious Copyright Fee: GBP33.60$c0$e01-apr-2010$fGBP33.60$g0$hC$5Uk
=ACF  \\$aPrevious Copyright Fee: GBP33.60$c0$e01-Jan-2010$fGBP33.60$g0$hC$5Uk
=ACF  \\$aPrevious Copyright Fee: GBP33.60$c0$e01-oct-2009$fGBP33.60$g0$hC$5Uk
=ACF  \\$aPrevious Copyright Fee: GBP40.00$c0$e01-jul-2009$fGBP40.00$g0$hC$5Uk
=ACF  \\$aPrevious Copyright Fee: GBP40.00$c0$e01-apr-2009$fGBP40.00$g0$hC$5Uk
=ACF  \\$aPrevious Copyright Fee: GBP35.00$c0$e01-jan-2009$fGBP35.00$g0$hC$5Uk
=ACF  \\$aPrevious Copyright Fee: GBP28.00$c0$e01-oct-2008$fGBP28.00$g0$hC$5Uk
=ACF  \\$aPrevious Copyright Fee: GBP33.94$c0$e01-jul-2012$fGBP33.94$g0$hC$5Uk
=ACF  \\$aPrevious Copyright Fee: GBP36.13$c0$e01-oct-2012$fGBP36.13$g0$hC$5Uk
=ACF  \\$aPrevious Copyright Fee: GBP35.00$c0$e01-jan-2013$fGBP35.00$g0$hC$5Uk
=ACF  \\$aPrevious Copyright Fee: GBP36.13$c0$e01-jul-2013$fGBP36.13$g0$hC$5Uk
=ACF  \\$aPrevious Copyright Fee: GBP33.60$c0$e01-oct-2013$fGBP33.60$g0$hC$5Uk
=ACF  \\$aPrevious Copyright Fee: GBP35.00$c0$e01-jan-2014$fGBP35.00$g0$hC$5Uk
=ACF  \\$aPrevious Copyright Fee: GBP33.94$c0$e01-jul-2014$fGBP33.94$g0$hC$5Uk
=ACF  \\$aPrevious Copyright Fee: GBP37.33$c0$e01-apr-2015$fGBP37.33$g0$hC$5Uk
=ACF  \\$aPrevious Copyright Fee: GBP36.13$c0$e01-oct-2015$fGBP36.13$g0$hC$5Uk
=ACF  \\$aPrevious Copyright Fee: GBP38.62$c0$e01-apr-2016$fGBP38.62$g0$hC$5Uk
=ACF  \\$aPrevious Copyright Fee: GBP41.48$c0$e01-oct-2016$fGBP41.48$g0$hC$5Uk
=ACF  \\$aPrevious Copyright Fee: GBP44.80$c0$e01-apr-2017$fGBP44.80$g0$hC$5Uk
=ACF  \\$aPrevious Copyright Fee: GBP42.56$c0$e01-oct-2017$fGBP42.56$g0$hC$5Uk
=ACF  \\$aPrevious Copyright Fee: GBP43.08$c0$e01-jan-2018$fGBP43.08$g0$hC$5Uk
=ACF  \\$aPrevious Copyright Fee: GBP40.00$c0$e01-apr-2018$fGBP40.00$g0$hC$5Uk
=ACF  \\$aPrevious Copyright Fee: GBP43.08$c0$e01-oct-2018$fGBP43.08$g0$hC$5Uk
=ACF  \\$aPrevious Copyright Fee: GBP44.80$c0$e01-oct-2019$fGBP44.80$g0$hC$5Uk
=ACF  \\$aPrevious Copyright Fee: GBP43.08$c0$e01-apr-2020$fGBP43.08$g0$hC$5Uk
=ACF  \\$aPrevious Copyright Fee: GBP44.80$c0$e01-jul-2020$fGBP44.80$g0$hC$5Uk
=ACF  \\$aPrevious Copyright Fee: GBP41.68$c0$e01-apr-2021$fGBP41.68$g0$hC$5Uk
=ACF  \\$aPrevious Copyright Fee: GBP40.48$c0$e01-jul-2021$fGBP40.48$g0$hC$5Uk
=CAT  \\$a8201$b40$c20080327$lBLL01$h1633
=CAT  \\$aIPL-CLA$c20160930$lBLL01$h1620
=CAT  \\$aBATCH-CLA$b00$c20170228$lBLL01$h1626
=CAT  \\$aIPL-CLA$c20170331$lBLL01$h1858
=CAT  \\$aBATCH-CLA$b00$c20170831$lBLL01$h1631
=CAT  \\$aIPL-CLA$c20170929$lBLL01$h1744
=CAT  \\$aBATCH-CLA$b00$c20171130$lBLL01$h1651
=CAT  \\$aIPL-CLA$c20171231$lBLL01$h1732
=CAT  \\$aBATCH-CLA$b00$c20180228$lBLL01$h1646
=CAT  \\$aIPL-CLA$c20180331$lBLL01$h1636
=CAT  \\$aBATCH-CLA$b00$c20180831$lBLL01$h1626
=CAT  \\$aIPL-CLA$c20180930$lBLL01$h1508
=CAT  \\$aBATCH-CLA$b00$c20190909$lBLL01$h1718
=CAT  \\$aIPL-CLA$c20190930$lBLL01$h1644
=CAT  \\$aBATCH-CLA$b00$c20200228$lBLL01$h1636
=CAT  \\$aIPL-CLA$c20200331$lBLL01$h1621
=CAT  \\$aBATCH-CLA$b00$c20200529$lBLL01$h1529
=CAT  \\$aIPL-CLA$c20200701$lBLL01$h0103
=CAT  \\$aBATCH-CLA$b00$c20210227$lBLL01$h1009
=CAT  \\$aIPL-CLA$c20210331$lBLL01$h1851
=CAT  \\$aBATCH-CLA$b00$c20210528$lBLL01$h1525
=CAT  \\$aIPL-CLA$c20210704$lBLL01$h1121
=CAT  \\$aBATCH-CLA$b00$c20210917$lBLL01$h1602
=CAT  \\$aIPL-CLA$c20210930$lBLL01$h1653
=CAT  \\$aBATCH-CLA$b00$c20211203$lBLL01$h0813
=CAT  \\$aIPL-CLA$c20211231$lBLL01$h1725
=CFI  0\$aCurrent Copyright Fee: GBP40.88$c0$e01-jan-2022$fGBP40.88$g0$hC$5Uk
=CFI  2\$aPrevious Copyright Fee: GBP39.76$c0$e01-oct-2021$fGBP39.76$g0$hC$5Uk
=FIN  \\$aY$d20080327
=FMT  \\$a  SE
=LAS  \\$aIPL-CLA$b00$c20211231$lBLL01$h1725
=LKR  \\$aPAR$b011784014$lBLL01$r78517$mWorld mining (International ed.)$nWorld mining (1974)
=SID  \\$aZ39$bOCLC
=TCO  \\$aTRS$bCCC$c008

