=LDR  04024 as a2200841 a 4500
=001  014605077
=003  Uk
=005  20080503155722.0
=007  ta
=008  790216d19641965dcumr1p\\\\\\f0\\\a0eng\d
=010  \\$a86640385
=022  0\$a0502-2568
=035  \\$a(OCoLC)ocm04661892
=040  \\$aNcU$cNcU$dInU$dOCoLC$dMnMULS$dAIP$dOCoLC$dDLC$dNSDP$dDLC$dAIP$dDLC$dN$dNST$dOCoLC$dNST$dNSDP$dDNLM$dOCoLC$dUk
=042  \\$alc$ansdp
=050  00$aQC676$b.J68
=082  0\$a537.534$219
=210  0\$aJ. res. Natl. Bur. Stand., D Radio sci.
=222  \0$aJournal of research, National Bureau of Standards. Section D, Radio science
=245  00$aJournal of research, National Bureau of Standards.$nSection D,$pRadio science.
=246  30$aRadio science
=246  13$aJournal of research of the National Bureau of Standards.$nSection D,$pRadio science
=260  \\$aWashington, D.C. :$bThe Bureau :$b[For sale by the Supt. of Docs., U.S. G.P.O.,$c1964-1965]
=300  \\$a2 v. :$bill. ;$c26 cm.
=310  \\$aMonthly
=336  \\$atext$2rdacontent
=337  \\$aunmediated$2rdamedia
=338  \\$avolume$2rdacarrier
=362  0\$aVol. 68D, no. 1 (Jan. 1964)-v. 69D, no. 12 (Dec. 1965).
=500  \\$aTitle from cover.
=540  \\$aBritish Library not licensed to copy$c0$5Uk
=550  \\$aIssued by the National Bureau of Standards in cooperation with U.S. National Committee of the International Scientific Radio Union.
=590  \\$aSERBIB/SERLOC merged record
=650  \0$aRadio waves$vPeriodicals.
=650  \0$aRadio wave propagation$vPeriodicals.
=650  \0$aIonospheric radio wave propagation$vPeriodicals.
=650  \0$aRadio meteorology$vPeriodicals.
=710  1\$aUnited States.$bNational Bureau of Standards.
=710  2\$aU.S. National Committee of the International Scientific Radio Union.
=780  00$tJournal of research of the National Bureau of Standards. D, Radio propagation$x1060-1783
=785  00$tRadio science$x0048-6604
=852  49$aBritish Library$bDSC$3See shelfmark 7232.999500 for voL. 68, 1964-
=852  71$aBritish Library$bSTI$k(P)$hQK 55$m-E(3)$2blsrissc$3Vol. 68D (1964)-v. 69D (1965)***UKRR Retained Title
=ACF  \\$aPrevious Copyright Fee: GBP5.50$c0$e01-oct-2008$fGBP5.50$g0$hC$5Uk
=ACF  \\$aPrevious copyright fee: GBP10.50$c0$e01-jan-2011$fGBP10.50$g0$hA$5Uk
=ACF  \\$aBritish Library not licensed to copy$c0$e07-sep-2011$hC$iTX$5Uk
=ACF  \\$aBritish Library not licensed to copy$c0$e01-jan-2013$hC$iCFP Excluded$5Uk
=CAT  \\$a8201$b40$c20080503$lBLL01$h1557
=CAT  \\$aBATCH-CLA$b00$c20080829$lBLL01$h1846
=CAT  \\$aBATCH-UPD$b00$c20081001$lBLL01$h0013
=CAT  \\$aBATCH$b00$c20081001$lBLL01$h0129
=CAT  \\$aBATCH-UPD$b00$c20101201$lBLL01$h1251
=CAT  \\$aIPL-CLA$c20101231$lBLL01$h1525
=CAT  \\$aBATCH-UPD$b00$c20110907$lBLL01$h1830
=CAT  \\$aIPL-CLA$c20110908$lBLL01$h1745
=CAT  \\$aBATCH-CLA$b00$c20121109$lBLL01$h1723
=CAT  \\$aBATCH-CLA$b00$c20121130$lBLL01$h1238
=CAT  \\$aIPL-CLA$c20121231$lBLL01$h1325
=CAT  \\$aIPL-CLA$c20130102$lBLL01$h1756
=CAT  \\$aBATCH-CLA$b00$c20130228$lBLL01$h1712
=CAT  \\$aIPL-CLA$c20130331$lBLL01$h1057
=CAT  \\$a540_fix$c20130403$lBLL01$h2016
=CAT  \\$aBATCH-CLA$b00$c20130531$lBLL01$h1649
=CAT  \\$aIPL-CLA$c20130701$lBLL01$h0121
=CFI  0\$aBritish Library not licensed to copy$c0$e01-jul-2013$hC$iCFP Excluded$5Uk
=CFI  2\$aBritish Library not licensed to copy$c0$e01-apr-2013$hC$iCFP Excluded$5Uk
=FIN  \\$aY$d20080503
=FMT  \\$a  SE
=LAS  \\$aIPL-CLA$b00$c20130701$lBLL01$h0121
=LKR  \\$aPAR$b008553429$lBLL01$r78500$mJournal of research, National Bureau of Standards. Section D, Radio science$nRadio science
=LKR  \\$aPAR$b010491962$lBLL01$r78000$mJournal of research, National Bureau of Standards. Section D, Radio science$nJournal of research of the National Bureau of Standards. D, Radio propagation
=SID  \\$aZ39$bLOC
=TCO  \\$aTRS$bCCC$c008

