=LDR  01984pam a2200589 a 4500
=001  014607552
=003  Uk
=005  20090625105930.0
=008  080926s2009\\\\nyua\\\\\b\\\\001\0\eng\\
=010  \\$a2008042737
=015  \\$aGBA864088$2bnb
=016  \\$a101485430
=016  7\$a014607552$2Uk
=020  \\$a9781420069372 (hbk.) :$c£130.00
=020  \\$a1420069373 (hbk.) :$c£130.00
=035  \\$a(OCoLC)259902109
=040  \\$aStDuBDS$beng$cStDuBDS$dUk
=042  \\$aukblcatcopy
=050  00$aRD598.5$b.S36 2009
=060  10$aWG 170$bS359e 2009
=082  00$a617.4130597$222
=100  1\$aSchneider, Peter A.
=245  10$aEndovascular skills :$bguidewire and catheter skills for endovascular surgery /$cPeter A. Schneider.
=250  \\$a3rd ed.
=260  \\$aNew York ;$aLondon :$bInforma Healthcare,$cc2009.
=300  \\$axvii, 471 p. :$bill. ;$c27 cm.
=336  \\$atext$2rdacontent
=337  \\$aunmediated$2rdamedia
=338  \\$avolume$2rdacarrier
=500  \\$aFormerly CIP.$5Uk
=504  \\$aIncludes bibliographical references and index.
=650  \0$aBlood-vessels$xEndoscopic surgery.
=650  \0$aBlood-vessels$xInterventional radiology.
=650  \0$aPeripheral vascular diseases$xEndoscopic surgery.
=650  12$aVascular Surgical Procedures$xmethods.
=650  22$aAngiography$xmethods.
=650  22$aCatheterization$xmethods.
=650  22$aEndoscopy$xmethods.
=650  22$aStents.
=852  11$aBritish Library$bSTI$k(B)$h617.4130597
=852  11$aBritish Library$bSTI
=CAT  \\$aBATCH-CIP$b00$c20080506$lBLL01$h1748
=CAT  \\$aBATCH$b00$c20080506$lBLL01$h1754
=CAT  \\$aBATCH$b00$c20080506$lBLL01$h1800
=CAT  \\$a12324$b40$c20090624$lBLL01$h1224
=CAT  \\$a10883$b40$c20090625$lBLL01$h1059
=CAT  \\$aBATCH$b00$c20160608$lBLL01$h1616
=CAT  \\$aWR16_021$c20160609$lBLL01$h1444
=FIN  \\$aY$d20090625
=FMT  \\$a  BK
=LAS  \\$aWR16_021$b00$c20160609$lBLL01$h1444
=SID  \\$aZ39$bLOC

