=LDR  02045 am a2200481 a 4500
=001  014628441
=003  Uk
=005  20080611074347.0
=008  080528s2008\\\\gw\a\\\\\b\\\\000\0\eng\\
=020  \\$a9783185138089 (pbk.)
=040  \\$aUk$beng$cUk
=041  0\$aeng$bger
=042  \\$aukblsr
=082  04$a629.8015118$222
=100  1\$aVogt, Michael.
=245  10$aSupport vector machines for identification and classification problems in control engineering /$cMichael Vogt.
=246  18$aSupport vector machines in control engineering
=260  \\$aDüsseldorf :$bVDI Verlag,$cc2008.
=300  \\$ax, 148 p. :$bill. ;$c21 cm.
=336  \\$atext$2rdacontent
=337  \\$aunmediated$2rdamedia
=338  \\$avolume$2rdacarrier
=490  1\$aFortschritt-Berichte der VDI. Reihe 8, Mess-, Steuerungs- und Regelungstechnik,$x0178-9546 ;$vNr. 1138
=490  1\$aBerichte aus dem Institut für Automatisierungstechnik der TU Darmstadt
=500  \\$aOriginally presented as the author's thesis--Darmstadt University of Technology, 2008.
=504  \\$aIncludes bibliographical references.
=546  \\$aText in English with a summary in German.
=650  \0$aAutomatic control$xMathematical models.
=710  2\$aTechnische Universität Darmstadt.$bInstitut für Automatisierungstechnik.
=710  2\$aVerein Deutscher Ingenieure.
=830  \0$aFortschritt-Berichte der VDI.$nReihe 8,$pMess-, Steuerungs- und Regelungstechnik,$x0178-9546 ;$vNr. 1138
=830  \0$aBerichte aus dem Institut für Automatisierungstechnik der TU Darmstadt
=852  71$aBritish Library$bSTI$k(P)$hPH 50$m-G(1)$i1138$2blsrissc
=852  \\$aBritish Library$bDSC
=CAT  \\$a6098$b40$c20080528$lBLL01$h1535
=CAT  \\$a6989$b40$c20080610$lBLL01$h1030
=CAT  \\$a11244$b40$c20080611$lBLL01$h0743
=CAT  \\$aBATCH$b00$c20091217$lBLL01$h0528
=CAT  \\$aBATCH$b00$c20100103$lBLL01$h1320
=CAT  \\$aBATCH-UPD$b00$c20111023$lBLL01$h2016
=FIN  \\$aY$d20080610
=FMT  \\$a  BK
=LAS  \\$aBATCH-UPD$b00$c20111023$lBLL01$h2016

