=LDR  03192 as a2200781 a 4500
=001  014643731
=003  Uk
=005  20080612121319.0
=007  ta
=008  800508d18911970no\ar\\\\\\\\f0\\\b0nor\\
=010  \\$ags 06001321
=022  0\$a1500-3418
=035  \\$a(OCoLC)6294201
=040  \\$aDLC$cHUL$dDLC$dOCL$dOCLCQ$dUk
=041  0\$anor$beng
=042  \\$alc
=050  00$aQE281$b.A2
=051  \\$aQE281$b.A24$c2d set
=082  04$a554.81$222
=110  2\$aNorges geologiske undersøkelse.
=222  \0$aÅrbok - Norges geologiske undersøkelse
=245  10$aÅrbok /$cNorges geologiske undersøkelse.
=260  \\$aOslo :$bUniversitetsforlaget [etc.]
=300  \\$av. :$bill., maps (part fld., part col.) ;$c24 cm.
=336  \\$atext$2rdacontent
=337  \\$aunmediated$2rdamedia
=338  \\$avolume$2rdacarrier
=362  0\$a1891-1970.
=515  \\$aVols for 1892-93, 1894-95, 1896-99, 1918-19, 1920-21, 1924-28 are combined issues.
=540  \\$aBritish Library not licensed to copy$c0$5Uk
=650  \0$aGeology$zNorway.
=780  01$tNorges geologiske undersøkelse$x0801-6755
=852  49$aBritish Library$bDSC$3See shelfmark 6129.000000 for no. 1 (1891)-
=852  71$aBritish Library$bSTI$k(P)$hNX 039$m(N5) -E(2)$2blsrissc$3[1960]-
=ACF  \\$aBritish Library not licensed to copy$c0$e01-apr-2012$hC$iCLA Excluded$5Uk
=ACF  \\$aBritish Library not licensed to copy$c0$e01-jan-2012$hC$iCLA Excluded$5Uk
=ACF  \\$aBritish Library not licensed to copy$c0$e01-oct-2011$hC$iCLA Excluded$5Uk
=ACF  \\$aBritish Library not licensed to copy$c0$e01-jul-2012$hC$iCLA Excluded$5Uk
=ACF  \\$aBritish Library not licensed to copy$c0$e01-oct-2012$hC$iCFP Excluded$5Uk
=ACF  \\$aBritish Library not licensed to copy$c0$e01-jan-2013$hC$iCFP Excluded$5Uk
=CAT  \\$a8201$b40$c20080612$lBLL01$h1203
=CAT  \\$a8201$b40$c20080612$lBLL01$h1213
=CAT  \\$aBATCH-CLA$b00$c20110831$lBLL01$h1800
=CAT  \\$aIPL-CLA$c20110930$lBLL01$h1553
=CAT  \\$aBATCH-CLA$b00$c20111130$lBLL01$h1156
=CAT  \\$aIPL-CLA$c20111230$lBLL01$h2031
=CAT  \\$aBATCH-CLA$b00$c20120229$lBLL01$h1601
=CAT  \\$aIPL-CLA$c20120330$lBLL01$h1440
=CAT  \\$aBATCH-CLA$b00$c20120531$lBLL01$h1716
=CAT  \\$aIPL-CLA$c20120629$lBLL01$h1039
=CAT  \\$aBATCH-CLA$b00$c20120831$lBLL01$h1542
=CAT  \\$aIPL-CLA$c20120930$lBLL01$h2131
=CAT  \\$aBATCH-CLA$b00$c20121109$lBLL01$h1722
=CAT  \\$aWR12_128$c20121113$lBLL01$h1835
=CAT  \\$aBATCH-CLA$b00$c20121130$lBLL01$h1241
=CAT  \\$aIPL-CLA$c20121231$lBLL01$h1325
=CAT  \\$aIPL-CLA$c20130102$lBLL01$h1756
=CAT  \\$aBATCH-CLA$b00$c20130228$lBLL01$h1706
=CAT  \\$aIPL-CLA$c20130331$lBLL01$h1057
=CAT  \\$a540_fix$c20130403$lBLL01$h2016
=CAT  \\$aBATCH-CLA$b00$c20130531$lBLL01$h1649
=CAT  \\$aIPL-CLA$c20130701$lBLL01$h0122
=CFI  0\$aBritish Library not licensed to copy$c0$e01-jul-2013$hC$iCFP Excluded$5Uk
=CFI  2\$aBritish Library not licensed to copy$c0$e01-apr-2013$hC$iCFP Excluded$5Uk
=FIN  \\$aY$d20080612
=FMT  \\$a  SE
=LAS  \\$aIPL-CLA$b00$c20130701$lBLL01$h0122
=TCO  \\$aXXX$c008

