=LDR  03877cas a2200877 a 4500
=001  014651340
=003  Uk
=005  20230210010716.0
=007  ta
=008  080624c20079999enkar\\\\\\\\\0\\\a0eng\\
=022  0\$a1758-1613$202
=040  \\$aUk$beng$cUk$dUk
=042  \\$aukblsr$aissnuk
=082  04$a639.906041$222
=110  2\$aGame & Wildlife Conservation Trust.
=222  \0$aReview of ...$b(Game & Wildlife Conservation Trust)
=245  10$aReview of ... /$cGame & Wildlife Conservation Trust.
=246  17$aGame & Wildlife review
=246  18$aGame & Wildlife Conservation Trust review
=260  \\$aFordingbridge :$bGame & Wildlife Conservation Trust,$c2008-
=310  \\$aAnnual
=336  \\$atext$2rdacontent
=337  \\$aunmediated$2rdamedia
=338  \\$avolume$2rdacarrier
=362  0\$a2007- = Issue 39-
=500  \\$a"A full report of the activities of the Game & Wildlife Conservation Trust."
=540  \\$aCurrent Copyright Fee: GBP25.00$c0$5Uk
=610  20$aGame & Wildlife Conservation Trust$vPeriodicals.
=650  \0$aGame bird management$zGreat Britain$vPeriodicals.
=650  \0$aWildlife management$zGreat Britain$vPeriodicals.
=650  \0$aWildlife research$zGreat Britain$vPeriodicals.
=780  00$aGame Conservancy Trust.$tReview of ...$x1368-2237
=852  41$aBritish Library$bHMNTS$32008-
=852  71$aBritish Library$bSTI$k(P)$hEE 6$m-E(1)$2blsrissc$3Issue 39 (2007)-
=ACF  \\$aPrevious Copyright Fee: GBP6.00$c0$e01-oct-2008$fGBP6.00$g0$hC$5Uk
=ACF  \\$aPrevious copyright fee: GBP10.50$c0$e01-jan-2011$fGBP10.50$g0$hA$5Uk
=ACF  \\$aPrevious copyright fee: GBP12.00$c0$e01-jan-2012$fGBP12.00$g0$hA$5Uk
=ACF  \\$aPrevious Copyright Fee: GBP12.30$c0$e01-jan-2014$fGBP12.30$g0$hA$5Uk
=ACF  \\$aPrevious Copyright Fee: GBP15.00$c0$e01-jan-2017$fGBP15.00$g0$hA$5Uk
=ACF  \\$aPrevious Copyright Fee: GBP17.50$c0$e01-jan-2018$fGBP17.50$g0$hA$5Uk
=ACF  \\$aPrevious Copyright Fee: GBP20.00$c0$e01-jan-2020$fGBP20.00$g0$hA$5Uk
=ACF  \\$aPrevious Copyright Fee: GBP22.50$c0$e01-jan-2021$fGBP22.50$g0$hA$5Uk
=CAT  \\$a6537$b40$c20080624$lBLL01$h1232
=CAT  \\$aBATCH-UPD$b00$c20081001$lBLL01$h0014
=CAT  \\$aBATCH$b00$c20081001$lBLL01$h0129
=CAT  \\$a8871$b40$c20100629$lBLL01$h1527
=CAT  \\$a8871$b40$c20100630$lBLL01$h0745
=CAT  \\$a8871$b40$c20100630$lBLL01$h0918
=CAT  \\$aBATCH-UPD$b40$c20101201$lBLL01$h1251
=CAT  \\$aIPL-CLA$c20101231$lBLL01$h1525
=CAT  \\$aWR11_203$c20111204$lBLL01$h1514
=CAT  \\$aIPL-CLA$c20111230$lBLL01$h2031
=CAT  \\$aBATCH-CLA$b00$c20121109$lBLL01$h1722
=CAT  \\$aBATCH-CLA$c20131220$lBLL01$h2058
=CAT  \\$aIPL-CLA$c20140101$lBLL01$h0056
=CAT  \\$aBATCH-CLA$b00$c20161222$lBLL01$h1823
=CAT  \\$aIPL-CLA$c20161230$lBLL01$h2307
=CAT  \\$aBATCH-CLA$b00$c20171222$lBLL01$h2150
=CAT  \\$aIPL-CLA$c20171231$lBLL01$h1735
=CAT  \\$aBATCH-CLA$b00$c20191219$lBLL01$h1747
=CAT  \\$aIPL-CLA$c20191231$lBLL01$h2005
=CAT  \\$aR2001-1524$c20200127$lBLL01$h2039
=CAT  \\$aBATCH-CLA$b00$c20201204$lBLL01$h1554
=CAT  \\$aIPL-CLA$c20201231$lBLL01$h2255
=CAT  \\$aBATCH-CLA$b00$c20221130$lBLL01$h1425
=CAT  \\$aIPL-CLA$c20221231$lBLL01$h2218
=CAT  \\$aBATCH-CLA$b00$c20230209$lBLL01$h1513
=CAT  \\$aIPL-CLA$c20230210$lBLL01$h0107
=CFI  0\$aCurrent Copyright Fee: GBP25.00$c0$e09-feb-2023$fGBP25.00$g0$hC$5Uk
=CFI  2\$aBritish Library not licensed to copy$c0$e01-jan-2023$hC$iCFP Excluded$5Uk
=FIN  \\$aY$d20080624
=FMT  \\$a  SE
=LAS  \\$aIPL-CLA$b00$c20230210$lBLL01$h0107
=LET  \0$aReview - Game & Wildlife Conservation Trust
=LKR  \\$aPAR$b010845692$lBLL01$nReview of ... (Game Conservancy Trust)$mReview of ... (Game & Wildlife Conservation Trust)$r78000
=TCO  \\$aCLA$bCLA$c008

