=LDR  01443 as a2200397 a 4500
=001  014654849
=003  Uk
=005  20080628165111.0
=007  ta
=008  790626d19331962ke\\x\m\\\\\\f0\\\a0eng\d
=022  \\$a0368-5004
=040  \\$aUk$cUk$dUk
=082  04$a556.762$222
=130  0\$aReport (Kenya Colony and Protectorate. Geological Survey)
=210  0\$aRep.- Geol. Surv. Kenya
=222  \0$aReport - Geological Survey of Kenya
=245  10$aReport /$cColony and Protectorate of Kenya, Mining and Geological Department, Geological Survey of Kenya.
=260  \\$aNairobi :$bPrinted by the Govt. Print.,$c1933-1962.
=300  \\$av. :$bill., maps ;$c26 cm.
=310  \\$aIrregular
=336  \\$atext$2rdacontent
=337  \\$aunmediated$2rdamedia
=338  \\$avolume$2rdacarrier
=362  0\$aNo. 1-no. 52.
=650  \0$aGeology$zKenya.
=650  \0$aGeology.
=710  2\$aGeological Survey of Kenya.
=785  00$tReport - Kenya, Geological Survey of Kenya$x0368-4989
=852  71$aBritish Library$bSTI$k(P)$hNX 079$m(K) -E(2)$2blsrissc$31949-1987 ; No.16-110 ; Set incomplete
=852  49$aBritish Library$bDSC$3See shelfmark 7485.150000
=CAT  \\$a8201$b40$c20080628$lBLL01$h1651
=FIN  \\$aY$d20080628
=FMT  \\$a  SE
=LAS  \\$a8201$b40$c20080628$lBLL01$h1651
=LKR  \\$aPAR$b008562346$lBLL01$r78500$mReport - Geological Survey of Kenya$nReport - Kenya, Geological Survey of Kenya
=TCO  \\$aXXX$c008

