=LDR  03830cam a2200589 i 4500
=001  014657042
=003  Uk
=005  20230331165808.0
=008  140124s2014\\\\flu\\\\\\b\\\\001\0\eng\\
=010  \\$a2013049259  
=015  \\$aGBA883352$2bnb
=016  7\$a014657042$2Uk
=020  \\$a9781420068566 (hbk.) :$c£41.99
=020  \\$a1420068563 (hbk.) :$c£41.99
=040  \\$aStDuBDS$beng$cStDuBDS$dUk$erda
=042  \\$aukblsr
=050  00$aG70.212$b.K65 2014
=082  00$a910.285$223
=100  1\$aKonecny, Gottfried.
=245  10$aGeoinformation :$bremote sensing, photogrammetry, and geographic information systems /$cGottfried Konecny.
=250  \\$aSecond edition.
=264  \1$aBoca Raton, FL :$bCRC Press,$c[2014]
=300  \\$axxxv, 436 pages ;$c24 cm.
=336  \\$atext$2rdacontent
=337  \\$aunmediated$2rdamedia
=338  \\$avolume$2rdacarrier
=500  \\$aFormerly CIP.$5Uk
=504  \\$aIncludes bibliographical references and index.
=520  \\$a"Preface In the 1990s, surveying and mapping underwent a transition from disciplineoriented technologies, such as geodesy, surveying, photogrammetry, and cartography, to the methodology-oriented integrated discipline of geoinformatics. This is based on Global Navigation Satellite System (GNSS), or GPS, positioning, remote sensing, digital photography for data acquisition, and a geographic information system (GIS) for data manipulation and data output. This book attempts to present the required basic background for remote sensing, digital photogrammetry, and GIS in the new geoinformatics concept in which the different methodologies must be combined. For remote sensing, the basic fundamentals are the properties of electromagnetic radiation and their interaction with matter. This radiation is received by sensors and platforms in an analogue or digital form, and is subject to image processing. In photogrammetry, the stereo concept is used for the location of information in 3D. With the advent of high-resolution satellite systems in stereo, the theory of analytical photogrammetry restituting 2D image information into 3D is of increasing importance, merging the remote sensing approach with that of photogrammetry. The result of the restitution is a direct input into geographic information systems in vector or raster form. The fundamentals of these are described in detail, with an emphasis on global, regional, and local applications. In the context of data integration, a short introduction to the GPS satellite positioning system is provided. This book will appeal to a wide range of readers from advanced undergraduates to all professionals in the growing field of geoinformation"--$cProvided by publisher.
=540  \\$aCurrent Copyright Fee: GBP34.00$c0$5Uk
=650  \0$aGeographic information systems.
=650  \0$aRemote sensing.
=650  \0$aPhotogrammetry.
=650  \7$aTECHNOLOGY & ENGINEERING / Remote Sensing & Geographic Information Systems.$2bisacsh
=650  \7$aTECHNOLOGY & ENGINEERING / Industrial Engineering.$2bisacsh
=852  11$aBritish Library$bSTI$k(B)$h910.285
=852  41$aBritish Library$bDSC
=BUF  \\$aN$d20140507
=CAT  \\$aBATCH-CIP$b00$c20080701$lBLL01$h1702
=CAT  \\$aBATCH$b00$c20080701$lBLL01$h1704
=CAT  \\$aBATCH$b00$c20080701$lBLL01$h1711
=CAT  \\$aBATCH$b00$c20100119$lBLL01$h1214
=CAT  \\$aBATCH$b00$c20100119$lBLL01$h1218
=CAT  \\$a6524$b40$c20140507$lBLL01$h1041
=CAT  \\$aBATCH-BUOC$b00$c20140515$lBLL01$h2137
=CAT  \\$aWR16_021$c20160621$lBLL01$h1806
=CAT  \\$aBATCH-CLAB$c20230324$lBLL01$h1259
=CAT  \\$aIPL-CLA$c20230331$lBLL01$h1658
=CFI  0\$aCurrent Copyright Fee: GBP34.00$c0$e01-apr-2023$fGBP34.00$g0$hC$5Uk
=FIN  \\$aY$d20140507
=FMT  \\$a  BK
=LAS  \\$aIPL-CLA$b00$c20230331$lBLL01$h1658

