=LDR  01522pam a2200457 a 4500
=001  014765186
=003  Uk
=005  20090420113028.0
=008  080820s2009\\\\enka\\\\\b\\\\001\0\eng\d
=015  \\$aGBA8B3884$2bnb
=016  7\$a014765186$2Uk
=020  \\$a9780199234356 (flexicover) :$c£24.95
=020  \\$a0199234353 (flexicover) :$c£24.95
=040  \\$aStDuBDS$beng$cStDuBDS$dUk
=042  \\$aukblcatcopy
=082  04$a616.029$222
=245  00$aOxford handbook of palliative care /$cMax S. Watson ... [et al.].
=250  \\$a2nd ed.
=260  \\$aOxford :$bOxford University Press,$c2009.
=300  \\$axli, 1035 p. :$bill. ;$c19 cm.
=336  \\$atext$2rdacontent
=337  \\$aunmediated$2rdamedia
=338  \\$avolume$2rdacarrier
=490  0\$aOxford handbooks
=490  0\$aOxford medical publications
=500  \\$aPrevious ed.: 2005.
=500  \\$aFormerly CIP.$5Uk
=504  \\$aIncludes bibliographical references and index.
=650  \0$aPalliative treatment.
=700  1\$aWatson, Max S.
=852  11$aBritish Library$bSTI$k(B)$h616.029$qCopy at (B)616.029. Mislaid.
=852  \\$aBritish Library$bHMNTS
=CAT  \\$aBATCH-CIPN$b00$c20080930$lBLL01$h1702
=CAT  \\$aBATCH$b00$c20080930$lBLL01$h1704
=CAT  \\$aBATCH$b00$c20080930$lBLL01$h1711
=CAT  \\$a11384$b40$c20090417$lBLL01$h0933
=CAT  \\$a6632$b40$c20090420$lBLL01$h1130
=CAT  \\$aWR16_021$c20160622$lBLL01$h1809
=FIN  \\$aY$d20090420
=FMT  \\$a  BK
=LAS  \\$aWR16_021$b00$c20160622$lBLL01$h1809

