=LDR  03929aam a2200541 a 4500
=001  014822495
=003  Uk
=005  20090212221721.0
=008  080707s2008\\\\riua\\\\\b\\\\010\0\eng\\
=010  \\$a2008030028  
=015  \\$aGBA8D2182$2bnb
=016  7\$a014822495$2Uk
=020  \\$a9780821844243 (hbk.) :$c£70.95
=020  \\$a0821844245 (hbk.) :$c£70.95
=040  \\$aStDuBDS$beng$cStDuBDS$dUk
=042  \\$aukblsr
=050  00$aQA377$b.P378 2008
=082  00$a515.353$222
=245  00$aPerspectives in partial differential equations, harmonic analysis and applications :$ba volume in honor of Vladimir G. Maz'ya's 70th birthday /$cDorina Mitrea, Marius Mitrea, editors.
=260  \\$aProvidence, R.I. :$bAmerican Mathematical Society ;$a[London :$bEurospan, distributor],$cc2008.
=300  \\$axvii, 423 p. :$bill. ;$c27 cm.
=336  \\$atext$2rdacontent
=337  \\$aunmediated$2rdamedia
=338  \\$avolume$2rdacarrier
=490  1\$aProceedings of symposia in pure mathematics ;$vv. 79
=500  \\$aFormerly CIP.$5Uk
=504  \\$aIncludes bibliographical references.
=505  0\$aOn the scientific work of V.G. Maz'ya : a personalized account / Dorina Mitrea and Marius Mitrea -- Capacity, Carleson measures, boundary convergence, and exceptional sets / Nicola Arcozzi, Richard Rochberg, and Eric Sawyer -- On the absence of dynamical localization in higher dimensional random Schrödinger operators / Jean Bourgain -- Circulation integrals and critical Sobolev spaces : problems of optimal constants / Haïm Brezis and Jean Von Schaftingen -- Mutual absolute continuity of harmonic and surface measures for Hörmander type operators / Luca Capogna, Nicola Garofalo, and Duy-Minh Nhieu -- Soviet-Russian and Swedish mathematical contacts after the war : a personal account / Lars Gårding -- Generalized Robin boundary conditions, Robin-to-Dirichlet maps, and Krein-type resolvent formulas for Schrödinger operators on bounded Lipschitz domains / Fritz Gesztesy and Marius Mitrea -- A local Tb theorem for square functions / Steve Hofmann -- Partial differential equations, trigonometric series, and the concept of function around 1800 : a brief history about Lagrange and Fourier / Jean-Pierre Kahane -- Quantitative unique continuation, logarithmic convexity of Gaussian means and Hardy's uncertainty principle / Carlos E. Kenig -- Boundary Harnack inequalities for operators of p-Laplace type in Reifenberg flat domains / John L. Lewis, Niklas Lundström, and Kaj Nyström -- Waves on a steady stream with vorticity / Markus Lilli and John F. Toland -- On analytic capacity of portions of continuum and a question of T. Murai / Fedor Nazarov and Alexander Volberg -- The Christoffel-Darboux kernel / Barry Simon -- A Saint-Venant principle for Lipschitz cylinders / Michael E. Taylor -- Wavelets in function spaces / Hans Triebel -- Weighted norm inequalities with positive and indefinite weights / Igor E. Verbitsky -- The mixed problem for harmonic functions in polyhedra of R³ / Moises Venouziou and Gregory C. Verchota.
=600  10$aMazʹi︠a︡, V. G.
=650  \0$aDifferential equations, Partial.
=650  \0$aHarmonic analysis.
=700  1\$aMitrea, Dorina,$d1965-
=700  1\$aMitrea, Marius.
=700  1\$aMazʹi︠a︡, V. G.
=830  \0$aProceedings of symposia in pure mathematics ;$vv. 79.
=852  \\$aBritish Library$bDSC
=852  71$aBritish Library$bSTI$k(P)$hP 00$i-E(3)$2blsrissc
=BUF  \\$aN$d20081215
=CAT  \\$aBATCH-CIPN$b00$c20081118$lBLL01$h1703
=CAT  \\$aBATCH$b00$c20081118$lBLL01$h1705
=CAT  \\$aBATCH$b00$c20081118$lBLL01$h1712
=CAT  \\$a10775$b40$c20081215$lBLL01$h1028
=CAT  \\$aBATCH-BUOC$b00$c20090212$lBLL01$h2216
=CAT  \\$aBATCH$b00$c20090212$lBLL01$h2217
=CAT  \\$aWR16_021$c20160623$lBLL01$h1805
=FIN  \\$aY$d20081215
=FMT  \\$a  BK
=LAS  \\$aWR16_021$b00$c20160623$lBLL01$h1805

