=LDR  02674 as a2200565 a 4500
=001  014869790
=003  Uk
=005  20201124190300.0
=007  ta
=008  090106d19851993xn\ar\p\\\\\\\0\\\c0mac\\
=010  \\$a94646340$zsn 91027764
=022  \\$a0353-0493$y0560-2270
=030  \\$aGZPBEJ
=035  \\$a(OCoLC)21995263
=040  \\$aVXG$cVXG$dHUL$dCRL$dNST$dDLC$dCAS$dSYS$dOCLCQ$dUk
=041  0\$amac$beng$bfre$bger
=042  \\$alc
=043  \\$ae-yu---
=050  00$aQH301$b.G58
=082  04$a570.5$222
=130  0\$aGodišen zbornik.$pBiologija (Univerzitet "Kiril i Metodij"--Skopje. Prirodno-matematički fakultet : 1987)
=210  0\$aGod. zb. Biol. - Prir.-mat. fak. Univ. "Kiril Metodij" Skopje
=222  \0$aGodišen zbornik. Biologija - Prirodno-matematički fakultet na Univerzitetot "Kiril i Metodij", Skopje
=245  10$aGodišen zbornik.$pBiologija /$cPrirodno-matematički fakultet na Univerzitetot Kiril i Metodij--Skopje = Annuaire. Biologie / Faculté des sciences naturelles de l'Université Kiril et Metodij--Skopje.
=246  30$aBiologija
=246  30$aBiologie
=246  31$aAnnuaire.$pBiologie
=260  \\$aSkopje :$bFakultet,$c1987-1993.
=300  \\$av. :$bill. ;$c24 cm.
=310  \\$aAnnual
=336  \\$atext$2rdacontent
=337  \\$aunmediated$2rdamedia
=338  \\$avolume$2rdacarrier
=362  0\$aKn. 37-38 (1984-85)-
=546  \\$aText in Macedonian; summaries in English, French, or German.
=650  \0$aBiology$vPeriodicals.
=710  2\$aUniverzitet "Kiril i Metodij"--Skopje.$bPrirodno-matematički fakultet.
=780  00$tGodišen zbornik (Univerzitet "Kiril i Metodij"--Skopje. Biološki fakultet)$x0351-9724
=785  00$tGodišen zbornik. Biologija - Prirodno-matematički fakultet na univerzitetot "Sv. Kiril i Metodij". Institut za biologija, Skopje$x1409-6889
=852  71$aBritish Library$bSTI$k(P)$hCG 00$m-R(76)$2blsrissc$31976-1994; Knjiga 15-47. ; Deficient: knj.16,19,21-28
=852  49$aBritish Library$bDSC$3See shelfmark 0050.520500 for 1985-1993
=985  \\$aUpgraded by BSS-generated file for WR2011-1473
=CAT  \\$a8201$b40$c20090106$lBLL01$h1554
=CAT  \\$aBATCH-UPD$b40$c20090106$lBLL01$h1554
=CAT  \\$aW2011-1473$b00$c20201124$lBLL01$h1903
=FMT  \\$a  SE
=LAS  \\$aW2011-1473$b00$c20201124$lBLL01$h1903
=LKR  \\$aPAR$b008518217$lBLL01$r78500$mGodišen zbornik. Biologija - Prirodno-matematički fakultet na Univerzitetot "Kiril i Metodij", Skopje$nGodišen zbornik. Biologija - Prirodno-matematički fakultet na univerzitetot "Sv. Kiril i Metodij". Institut za biologija, Skopje
=SID  \\$aZ39$bOCLC
=TCO  \\$aXXX$c008

