=LDR  02014 as a2200397 a 4500
=001  014870437
=003  Uk
=005  20090107091947.0
=007  ta
=008  090107d19801984xn\ar\p\\\\\\\0\\\c0mac\\
=022  0\$a0351-9732
=040  \\$aUk$cUk
=082  04$a570.5$222
=210  0\$aGod. zb. - Biol. fak. Univ. "Kiril Metodij" Skopje
=222  \0$aGodišen zbornik - Biološki fakultet na Univerzitetot "Kiril i Metodij" Skopje
=245  00$aGodišen zbornik /$cBiološki fakultet na Univerzitetot "Kiril i Metodij"--Skopje = Annuaire / Faculté de biologie de l'Université "Kiril et Metodij"--Skopje.
=246  31$aAnnuaire
=260  \\$aSkopje :$bFakultet,$c1980-1984.
=300  \\$av. :$bill. ;$c24 cm.
=310  \\$aAnnual
=336  \\$atext$2rdacontent
=337  \\$aunmediated$2rdamedia
=338  \\$avolume$2rdacarrier
=650  \0$aBiology$vPeriodicals.
=710  2\$aUniverzitet "Kiril i Metodij"--Skopje.$bBiološki fakultet.
=780  00$tGodišen zbornik - Biološki Fakultet na Univerzitetot "Kiril i Metodij" Skopje. Biologija$x0351-9724
=785  00$tGodišen zbornik. Biologija - Prirodno-matematički fakultet na Univerzitetot "Kiril i Metodij", Skopje$x0353-0493
=852  49$aBritish Library$bDSC$3See shelfmark 0050.520500 for 1985-1993
=852  71$aBritish Library$bSTI$k(P)$hCG 00$m-R(76)$2blsrissc$31976-1994; Knjiga 15-47. ; Deficient: knj.16,19,21-28
=CAT  \\$a8201$b40$c20090107$lBLL01$h0919
=FIN  \\$aY$d20090107
=FMT  \\$a  SE
=LAS  \\$a8201$b40$c20090107$lBLL01$h0919
=LKR  \\$aPAR$b012106786$lBLL01$r78000$mGodišen zbornik - Biološki fakultet na Univerzitetot "Kiril i Metodij" Skopje$nGodišen zbornik - Biološki Fakultet na Univerzitetot "Kiril i Metodij" Skopje. Biologija
=LKR  \\$aPAR$b014869790$lBLL01$r78500$mGodišen zbornik - Biološki fakultet na Univerzitetot "Kiril i Metodij" Skopje$nGodišen zbornik. Biologija - Prirodno-matematički fakultet na Univerzitetot "Kiril i Metodij", Skopje
=TCO  \\$aXXX$c008

